3425 5192
818 421 1038 484 -60-

670 674 700 732 2.
725 669 908 745 ChiasmuS,
931 670 1185 746 parallelismus.

343 808 368 878 1)
387 809 452 862 Ath.
472 810 539 864 154¹]
578 807 623 862 καί
641 808 831 875 πιστωσάμενοι
854 807 902 877 τὴν
920 809 992 862 δόσιν
1009 809 1056 861 καί
1075 817 1127 868 τοῖς
1145 809 1295 877 ἀναγκαίοις
1314 809 1400 876 φιλοις
1418 810 1522 863 διαδω-

447 899 598 966 ρησάμενοι.
1296 967 1299 974 Ι

340 985 367 1056 2)
386 987 451 1042 Ath.
477 988 546 1042 213tl
583 986 628 1040 καί
652 986 690 1055 μὴ
713 988 874 1053 περιίδωμεν
896 985 927 1039 τά
950 986 1007 1056 ἱερὰ
1029 986 1227 1056 κεκλῃμένα,
1246 987 1419 1056 αὐχμῶντα
1438 987 1468 1040 δὲ
1487 987 1517 1041 τά

446 1077 583 1147 γυμνάσια,
602 1077 631 1129 τό
645 1075 674 1129 δὲ
693 1076 805 1143 θέατρον
823 1075 1116 1149 ἀνεκκλησίαστον,
1136 1077 1253 1146 ἄφωνα
1267 1076 1339 1131 δὲτὰ
1353 1077 1517 1145 δικαστήρια,

447 1167 492 1221 καί
516 1165 563 1235 τὴν
585 1166 658 1219 θεῶν
681 1174 808 1235 χρησμοῖς
838 1165 1100 1234 καθωσιωμένην
1121 1166 1210 1220 πύκνα
1232 1166 1449 1236 ἀφῃρημένην
1471 1174 1517 1220 τοῦ

446 1257 541 1324 δήμου.
578 1254 615 1338 μ’
628 1255 788 1337 περιίδωμεν
806 1253 849 1309 δὲ.
862 1298 868 1308 .
880 1295 885 1306 .
899 1253 946 1322 τὴν
959 1254 1031 1322 ἱερὰν
1044 1262 1089 1310 τοῦ
1106 1255 1213 1324 Ἰάκχου
1233 1255 1328 1324 φωνην
1346 1275 1517 1310 κατασεσι-

406 1405 410 1412 ,
446 1345 607 1414 γασμένην
625 1345 671 1398 καὶ
689 1344 718 1396 τό
737 1344 831 1411 σεμνὸν
849 1343 996 1411 ἀνάκτορον
1014 1351 1068 1396 τοῖν
1086 1345 1160 1398 θεοῖν
1178 1344 1380 1414 κεκλημένον
1398 1345 1445 1398 καί
1464 1351 1518 1398 τῶν

448 1435 606 1502 φιλοσόφων
624 1433 669 1492 τὰς
688 1432 822 1503 διατριβάς
840 1432 1003 1501 ἀφώνους.

341 1525 367 1590 3)
386 1524 454 1580 Ath:
467 1524 545 1578 2150.
585 1530 744 1593 πορφυροῦν
762 1521 811 1591 μέν
828 1523 991 1590 μεσόλευκον
1007 1530 1107 1591 χιτῶνα
1124 1523 1326 1589 ε’νδεδυκώς,
1347 1524 1470 1593 χλαμύδα
1488 1524 1518 1578 δέ

447 1613 587 1682 ἐφεστρίδα
618 1612 898 1682 περιβεβλημένος
928 1613 1056 1682 πολυτελῆ
1091 1613 1137 1666 καί
1167 1613 1390 1680 ὑποδούμενος
1421 1613 1517 1672 λευκὰς

446 1702 617 1771 Λακωνικάς,
641 1702 770 1770 στέφανον
787 1701 891 1770 δάφνης
913 1709 1030 1769 χρυσοῦν
1052 1702 1259 1770 ἐστεμμένος,
1287 1703 1333 1756 καί
1356 1703 1518 1771 διανέμων

446 1791 477 1844 τὰ
495 1799 549 1844 τῶν
566 1791 699 1845 πλουσίων
718 1799 771 1850 τοῖς
788 1791 889 1860 πένησι,
907 1791 1019 1851 πολλοὺς
1038 1793 1189 1859 φονεύων
1206 1799 1260 1846 τῶν
1277 1792 1310 1846 οὐ
1329 1793 1462 1847 διδόντων.

339 1882 366 1951 4)
385 1881 541 1937 Ath.369t1.
578 1882 710 1951 γίγνεσθαι
729 1881 880 1950 γογγυλίδας
899 1881 1064 1948 ἀκηπεύτους
1082 1882 1128 1935 καί
1146 1881 1253 1951 ἀγρίους
1272 1881 1453 1950 σταφυλίνους.

340 1970 367 2039 5)
386 1971 420 2026 D.
438 1971 471 2042 V,
490 1971 569 2040 22,3
606 1969 672 2024 κατὰ
694 1969 744 2038 μέν
766 1970 815 2040 γὰρ
839 1970 884 2029 τὰς
901 1971 1087 2040 πλημμυρίδας
1110 1979 1156 2024 τοῦ
1182 1970 1280 2038 μεταξύ
1298 1972 1384 2040 πόρου
1400 1971 1518 2038 πληρου-

445 2060 524 2126 μένου
548 2067 640 2128 νῆσοι
659 2062 843 2127 φαίνονται,
868 2059 936 2112 κατὰ
959 2059 989 2112 δὲ
1010 2059 1054 2120 τὰς
1076 2060 1208 2127 ἀμπώτεις
1228 2060 1454 2129 ἀπορρεούσης
1473 2067 1518 2129 τῆς

446 2149 577 2218 θαλάττης
600 2149 646 2202 καί
663 2149 746 2202 πολύν
769 2151 848 2202 τόπον
871 2149 1155 2218 ἀναξηραινούσης
1178 2150 1382 2218 θεωροῦνται
1403 2151 1519 2218 χερρό·

448 2259 548 2306 νησοι

340 2328 367 2397 6)
386 2328 420 2383 D.
438 2327 472 2394 V,
491 2329 569 2397 26,3
608 2329 751 2388 διδόντες
779 2329 828 2399 γὰρ
857 2331 929 2383 οἴνου
957 2329 1084 2396 κεράμιον
1111 2328 1328 2398 ἀντιλαμβάνουσι
1355 2329 1449 2394 παῖδα,
1472 2337 1517 2382 τοῦ

446 2419 562 2485 πόματος
581 2418 705 2471 διάκονον
723 2417 943 2486 ἀμειβόμενοι,

341 2505 368 2574 7)
388 2505 421 2560 D.
439 2507 472 2572 V,
493 2507 535 2573 28,
556 2509 571 2561 5
603 2507 740 2560 καλοῦσι
765 2505 794 2560 δὲ
817 2506 863 2561 καί
885 2505 946 2565 τοὺς
965 2506 1054 2568 ξένους
1072 2507 1114 2560 ε’πὶ
1134 2505 1178 2565 τάς
1196 2506 1319 2580 εύωχίας,
1342 2506 1389 2561 καί
1405 2506 1471 2574 μετὰ
1490 2506 1518 2558 τὸ

449 2596 553 2648 δεῖπνον
571 2596 723 2664 ε’ρωτῶσι.

340 2683 367 2752 8)
388 2684 421 2739 D.
440 2685 475 2750 V,
495 2685 568 2748 32,6
605 2685 665 2744 τούς
683 2685 732 2754 γὰρ
751 2686 920 2753 κακούργους
937 2685 1004 2739 κατὰ
1021 2687 1207 2754 πενταετηρίδα
1227 2685 1428 2755 φυλάξαντες
1446 2684 1518 2738 ἀνα-

447 2775 681 2836 σκολοπίζουσι
700 2784 754 2834 τοῖς
772 2776 845 2834 θεοῖς
863 2776 909 2828 καί
927 2775 980 2842 μετ’
1001 2775 1089 2828 ἀλλων
1105 2775 1211 2828 πολλῶν
1228 2775 1358 2844 ἀπαρχῶν
1381 2775 1517 2843 καθαγί-

447 2865 552 2931 ζουσι,
571 2862 656 2931 πυράς
674 2865 850 2933 παμμεγέθεις
868 2865 1179 2928 κατασκευάζοντες.

341 2951 369 3021 9)
387 2951 421 3006 D.
440 2953 474 3021 V,
496 2953 543 3019 34,
567 2954 584 3006 2
621 2962 730 3021 τροφαῖς
758 2953 788 3006 δὲ
814 2961 930 3023 χρῶνται
953 2954 1045 3022 κρέασι
1067 2955 1242 3013 παντοδαποῖς
1265 2953 1310 3008 καί
1333 2952 1454 3020 δαψιλέσι
1472 2952 1518 3005 καὶ

448 3042 605 3109 οἰνομέλιτος
618 3044 722 3112 πόματι,
742 3045 949 3112 χορηγούσης
967 3051 1022 3112 τῆς
1040 3044 1150 3113 χώρας
1169 3043 1197 3096 τὸ
1215 3043 1264 3111 μὲν
1278 3043 1337 3112 μέλι
1353 3041 1517 3110 παμπληθές,

448 3131 492 3185 τὸν
510 3131 535 3185 δ’
554 3131 624 3185 οἶνον
641 3132 713 3202 παρὰ
732 3139 785 3186 τῶν
803 3133 977 3186 ἐπιπλεόντων
995 3133 1120 3201 ἐμπόρων
1138 3133 1328 3201 ὠνούμενοι.

344 3221 387 3292 10)
406 3221 440 3276 D.
453 3223 487 3290 V,
506 3222 548 3292 35,
567 3223 584 3276 4
621 3223 758 3276 έκκόπτειν
772 3223 815 3276 τόν
829 3222 856 3276 έν
869 3231 923 3281 ταῖς
938 3222 1065 3292 ἀγκύραις
1082 3223 1217 3293 μόλιβδον,
1236 3222 1283 3278 καί
1296 3221 1327 3278 ἐκ
1341 3228 1388 3277 τοῦ
1402 3220 1518 3291 ἀργύρου
1531 3251 1533 3253 ·

447 3309 494 3378 τὴν
512 3310 543 3363 ἐκ
563 3319 608 3364 τοῦ
626 3312 754 3381 μολίβδου
773 3314 865 3381 χρείαν
882 3312 1059 3366 ἀλλάττεσθαι.

343 3399 387 3465 11)
406 3399 439 3453 D.
453 3399 487 3465 V,
502 3400 543 3467 36,
559 3401 576 3454 4
595 3402 793 3470 καταβαίνοντές
811 3422 838 3454 τε
850 3402 883 3454 ού
901 3404 982 3469 μόνον
998 3402 1035 3462 εἰς
1048 3409 1144 3470 μῆκος,
1163 3400 1227 3456 ἀλλὰ
1239 3400 1285 3454 καὶ
1298 3401 1336 3459 είς
1352 3400 1440 3472 βάθος
1453 3418 1518 3469 παρ-

449 3489 656 3547 εκτείνοντες.,..
1200 3524 1203 3529 >

344 3576 388 3646 12)
406 3575 439 3630 D.
454 3577 488 3645 V,
504 3578 546 3646 34,
561 3579 576 3631 5
605 3577 770 3640 ἀκοντίζουσι
789 3579 819 3633 δέ
836 3580 972 3647 εὐστόμως
990 3581 1036 3634 καί
1053 3580 1170 3648 μακράν,
1188 3580 1234 3633 καί
1251 3579 1372 3634 καθόλου
1390 3597 1519 3644 καρτερο·

412 3708 415 3712 .
448 3667 544 3736 πλῆγες
563 3667 733 3738 ὑπάρχουσιν.

343 3755 387 3824 13)
406 3755 438 3808 D.
454 3757 487 3824 V,
506 3757 549 3823 39,
568 3757 636 3824 2¹⁰⁴)
673 3759 764 3827 οἱμὲν
786 3759 875 3813 αὐτῶν
893 3760 1088 3826 ὑλοτομοῦσι
1107 3759 1141 3812 δι’
1160 3760 1222 3827 ὅλης
1240 3767 1286 3826 τῆς
1309 3757 1409 3826 ἡμέρας
1432 3756 1519 3824 σιδη-

448 3854 671 3914 ροφοροῦντες
689 3848 811 3918 ε’νεργούς
828 3850 945 3908 πελέκεις
964 3849 1009 3903 καί
1031 3851 1130 3918 βαρεῖς,
1153 3850 1181 3901 οί
1202 3847 1232 3902 δὲ
1253 3847 1301 3916 τὴν
1318 3855 1366 3915 γῆν
1384 3847 1519 3915 ε’ργαζό-

447 3955 539 4001 μενοι
558 3935 587 3988 τό
604 3937 682 3990 πλέον
699 3939 794 4005 πέτρας
812 3939 989 4007 λατομοῦσι
1008 3938 1051 3992 διά
1069 3937 1116 4005 τὴν
1128 3937 1278 4008 ὑπερβολὴν
1291 3944 1337 4004 τῆς
1351 3936 1518 4004 τραχύτητος.

344 4024 387 4092 14)
406 4024 440 4079 D.
455 4026 488 4093 V,
508 4027 551 4096 40,
570 4026 586 4079 2
623 4027 794 4095 θαυμάζουσί
809 4049 836 4081 τε
854 4028 914 4087 τούς
933 4029 1031 4096 ἀνδρας
1048 4027 1095 4102 καί
1113 4027 1181 4081 κατὰ
1200 4026 1245 4086 τὰς
1263 4026 1291 4080 έν
1309 4034 1362 4086 τοῖς
1380 4033 1520 4101 κεραυνοῖς

448 4115 586 4182 διοσημίας
605 4116 705 4175 τούτοις
723 4117 859 4186 ἐξηγηταῖς
877 4125 1001 4186 χρῶνται,

345 4201 387 4271 15)
406 4202 441 4258 Ι).
455 4204 488 4268 V,
501 4204 544 4272 40,
560 4204 577 4258 3
597 4205 749 4274 (ἀφθονίαν)
765 4207 796 4260 ού
809 4197 899 4274 μόνον
910 4207 1076 4274 ἀρκοῦσαν
1089 4207 1168 4276 πρὸς
1182 4207 1239 4276 τὴν
1252 4204 1442 4276 διατροφήν,
1454 4203 1520 4258 ἀλλά

448 4292 592 4360 καὶπρὸς
611 4293 790 4348 ἀπόλαυσιν
808 4296 931 4365 δαψιλῆ
949 4297 1004 4351 καὶ
1023 4296 1149 4366 τρυφὴν
1167 4297 1362 4366 ἀνήκουσαν.

414 4461 459 4533 ¹⁰⁴)
478 4463 520 4517 ef.
539 4463 661 4534 Mueller,
680 4465 756 4519 FHG
775 4466 825 4535 ΙΙΙ,
846 4467 908 4521 275.
