3425 5192
793 412 1014 475 „40-

426 590 462 676 b)
479 590 651 654 Laudatur
674 588 808 654 Homeri
820 589 923 654 loous:
949 586 1258 670 136,1o-12=11.
1269 587 1307 670 V,
1320 589 1494 652 770-772

479 698 593 763 eadem
616 700 792 762 exornatus
815 695 899 762 mira
920 694 1180 778 amplifioationo,
1204 693 1295 760 onius
1310 693 1495 760 amantissi-

478 823 549 869 mus
573 808 646 869 orat
674 807 708 868 oi
729 803 800 884 ipso
829 803 1035 868 Posidonius:
1073 801 1114 866 oi.
1140 803 1257 885 138,13
1272 820 1340 882 sqq.
1364 802 1495 884 Λέγεται

482 912 561 975 δ’ἅτι
583 911 647 974 κτλ.
671 911 766 992 (App.
781 930 812 991 p.
828 912 869 974 70
884 928 931 990 sq.
955 909 1019 994 66.)

425 1017 458 1102 o)
480 1017 688 1083 Adhibentur
720 1035 793 1082 oum
821 1017 929 1082 studio
962 1017 1100 1097 quodam
1132 1017 1236 1082 verba
1263 1034 1347 1096 quae
1369 1035 1438 1082 rom
1460 1015 1495 1081 in

479 1125 584 1190 maius
608 1125 769 1190 extollunt
791 1122 845 1208 (of.
860 1143 934 1206 pag.
950 1125 991 1189 37
1008 1128 1042 1188 oi
1055 1123 1139 1204 App.
1155 1143 1185 1204 p.
1201 1122 1266 1208 66).

534 1233 650 1315 132,29
732 1231 767 1295 τὸ
791 1233 872 1313 ἄγαν
895 1229 1032 1314 ἀνόητον

534 1340 648 1422 136,21
731 1345 802 1408 πῶς
827 1338 915 1422 (οὐκ)
940 1340 1062 1422 ἠλίθιον

536 1447 652 1528 136,23
663 1464 709 1526 sq.
732 1445 768 1508 τὸ
791 1447 907 1528 εὔηθες
930 1448 1000 1528 (τοῦ
1024 1446 1135 1531 λόγου)

427 1550 464 1636 (1)
480 1551 571 1635 Quao
602 1553 758 1635 leguntur
786 1571 861 1635 pag.
879 1556 972 1637 140,7
984 1591 1027 1600 -
1040 1556 1078 1618 11
1104 1558 1278 1619 occurrunt
1300 1553 1403 1618 isdom
1424 1552 1494 1616 iore

480 1659 591 1726 vorbis
615 1659 772 1725 adhibitis
802 1659 902 1725 otiam
925 1679 999 1743 pag.
1016 1662 1239 1744 144,23-27
1265 1679 1358 1740 quom
1390 1661 1494 1725 locum

364 1845 367 1851 ¹
479 1766 567 1831 inira
581 1764 705 1850 (v.p.4l
715 1767 796 1852 sqq.)
812 1768 1040 1832 demonstrabo
1055 1786 1133 1835 voro
1149 1786 1221 1833 osso
1234 1765 1493 1832 Posidonianum.

532 1873 708 1939 Numerum
731 1878 841 1939 autom
856 1875 930 1958 300,
955 1893 1017 1954 quo
1031 1873 1223 1941 Posidonius
1236 1875 1272 1939 in
1290 1879 1382 1939 terra
1395 1873 1493 1940 dimo-

479 1981 592 2046 tionda
615 1981 710 2060 quasi
731 1981 953 2046 fundamentis
984 1987 1036 2047 osi
1068 2001 1154 2064 usus,
1186 1981 1326 2062 potitum
1358 1999 1429 2046 esso
1452 1981 1494 2046 ab

478 2087 699 2154 Eratosthene
707 2087 745 2170 a)
759 2089 841 2154 satis
856 2094 996 2170 apparot
1010 2108 1050 2153 ox
1069 2089 1180 2156 vorbis
1198 2109 1295 2172 pagg.
1310 2090 1407 2172 oo,2o
1427 2107 1494 2168 sqq.

478 2199 512 2259 ot
536 2197 618 2278 98‚5.
665 2194 712 2260 Oi.
727 2195 827 2260 otiam
850 2215 880 2276 p.
898 2197 992 2279 1468
1007 2215 1053 2276 sq.
1091 2201 1125 2262 ai
1161 2197 1244 2262 Plin.
1261 2197 1336 2260 Nat.
1351 2195 1437 2261 Hisi.
1451 2195 1494 2284 Π,

481 2304 688 2384 182-185,
712 2308 887 2384 praeterea
909 2305 982 2369 adn.
1007 2305 1048 2368 97
1074 2303 1115 2387 (p.
1130 2302 1194 2389 49).

407 2408 498 2491 Quae
522 2428 594 2475 oum
617 2409 666 2474 ita
698 2409 773 2493 sini,
805 2428 869 2474 non
902 2417 952 2475 ost
985 2429 1042 2475 our
1074 2410 1257 2476 dubitemus
1288 2410 1387 2475 otiam
1410 2410 1495 2473 hano

318 2521 445 2597 partem
470 2521 573 2582 totam
596 2534 753 2583 rovocare
775 2519 817 2582 ad
840 2517 1057 2583 Posidonium.
1094 2517 1242 2597 Doniquo
1266 2515 1363 2583 velim
1387 2521 1493 2582 ation-

319 2625 378 2688 das
402 2622 544 2690 animum
567 2625 609 2688 ad
633 2626 695 2689 duo
718 2624 888 2707 vocabula,
912 2643 1004 2707 quaa,
1028 2623 1104 2705 quia
1127 2630 1205 2690 anio
1229 2624 1429 2690 Cleomedon
1453 2643 1494 2701 ne

321 2731 408 2810 apud
431 2732 530 2797 uuum
553 2729 682 2809 quidem
705 2731 896 2812 scriptorem
920 2737 1104 2814 occurrunt,
1133 2732 1161 2796 si
1186 2750 1249 2796 non
1272 2731 1315 2796 ab
1338 2731 1408 2811 ipso
1432 2731 1493 2796 Po-

318 2836 442 2902 sidonio
452 2835 491 2921 75)
515 2838 568 2904 vol
592 2855 612 2901 a
635 2837 803 2903 Cloomodo
827 2844 904 2904 sunt
926 2837 1025 2922 facta,
1049 2843 1086 2903 at
1109 2842 1198 2903 oerto
1216 2839 1357 2919 ipsorum
1374 2843 1493 2903 aetate.

318 2944 487 3010 Vooabula
510 2950 586 3010 sunt
609 2946 703 3011 haoo:

350 3050 382 3136 1)
406 3052 596 3136 ὑδρολόγιον
620 3055 704 3133 quod
718 3053 912 3118 vocabulum
935 3052 1156 3118 consimillima
1180 3052 1369 3117 estfactum
1394 3057 1493 3131 aoquo

406 3157 641 3244 opouoyiovw),
665 3161 749 3239 quod
771 3159 875 3240 primo
903 3161 1031 3224 domum
1054 3179 1083 3240 p.
1099 3160 1172 3224 Chr.
1187 3179 1217 3224 n.
1241 3159 1370 3224 saaoulo
1385 3177 1492 3223 ‘usur-

394 3270 519 3346 'patum
542 3265 672 3333 videtur
696 3285 775 3352 osso,
799 3266 922 3348 legitur
944 3287 974 3348 p.
990 3268 1063 3346 136,
1089 3269 1139 3331 23.
1156 3269 1207 3333 27.
1223 3273 1257 3331 ot
1274 3268 1376 3349 148,o.

407 3485 440 3553 ⁷⁴)
460 3486 634 3541 Posidonium
653 3487 738 3541 etiam
757 3487 826 3542 alios
849 3488 924 3542 viros
946 3487 1043 3543 fecisse
1067 3502 1117 3541 sna
1144 3487 1312 3556 proferentes
1340 3489 1418 3542 dooot
1440 3503 1493 3541 vox

316 3567 393 3634 paul:
415 3567 501 3633 140,4.

316 3653 322 3662 '
407 3647 439 3716 ²⁶)
459 3647 498 3701 Of.
519 3647 667 3716 Sohoppig,
692 3648 733 3701 Do
751 3647 897 3702 Posidonio
922 3649 1070 3716 Apamensi
1095 3663 1184 3703 rerum
1210 3649 1333 3719 gentiam
1359 3654 1492 3701 terrarum

315 3725 454 3795 scriptore.
484 3728 577 3797 (Dias.)
596 3727 674 3781 Halia
695 3728 772 3794 1860,
792 3745 855 3797 pag.
869 3729 905 3782 44
919 3730 981 3782 adn.
996 3729 1039 3782 26.

407 3808 551 3863 Praeterea
570 3824 622 3876 ego
641 3807 749 3875 quidem
766 3809 833 3862 haec
850 3809 983 3862 vocabula
998 3809 1143 3876 eademque
1162 3808 1256 3863 omnia
1273 3825 1306 3863 ox
1318 3809 1383 3862 loois
1396 3808 1491 3876 potita,

317 3888 363 3954 qui
382 3888 416 3941 ad
434 3889 609 3943 Posidonium
629 3892 692 3942 sunt
710 3889 864 3958 rovooandi,
884 3889 1035 3957 putaverim
1049 3889 1133 3956 ipsius
1146 3890 1284 3944 Posidonii
1297 3905 1356 3943 osso
1370 3889 1491 3956 propria:

316 3969 497 4036 καρτεροπλήξ
515 3969 593 4023 Diod.
607 3969 640 4034 V,
656 3969 698 4034 34,
712 3971 736 4024 5.
762 4001 794 4009 -
814 3969 1071 4037 καταπλουτομαχέω
1100 3969 1177 4024 Diod.
1191 3970 1225 4038 V,
1240 3971 1284 4037 38,
1298 3969 1324 4024 3.
1349 3999 1383 4009 -
1406 3989 1492 4036 χιονο-

314 4048 400 4116 βολέω
413 4049 490 4103 Diod.
504 4050 535 4117 V,
546 4051 588 4116 39,
603 4050 627 4103 3.
639 4079 672 4088 -
682 4051 866 4116 σπανοκαρπία
885 4051 962 4104 Diod.
974 4050 1006 4117 V,
1022 4050 1064 4118 39,
1072 4051 1097 4103 4.
1108 4070 1143 4090 '-
1158 4051 1318 4119 σαγηφορέω
1332 4049 1490 4114 strahow,

318 4128 377 4182 loo.
395 4158 428 4167 -
450 4129 627 4196 κομοτροῳέω
651 4130 747 4184 Strabo
764 4130 812 4195 IV,
835 4131 893 4183 196.
925 4130 1003 4184 Diod.
1020 4160 1055 4169 —
1078 4131 1229 4198 ἁδρομερὴς
1257 4131 1335 4185 Diod.
1353 4130 1387 4197 V,
1405 4130 1448 4197 26,
1467 4131 1491 4183 1.

316 4209 389 4262 Plut.
409 4208 504 4263 Galen.
529 4239 562 4248 -
586 4209 714 4276 ὁλομερής
741 4210 821 4264 Diod.
834 4211 868 4278 V,
887 4211 930 4278 28,
944 4211 970 4265 4.
1006 4210 1106 4265 Athen.
1121 4210 1154 4278 V,
1168 4211 1243 4265 alod-
1267 4241 1301 4250 -
1325 4209 1492 4271 ὄυοόιέξοδος

316 4289 395 4343 Diod.
409 4288 442 4356 V,
455 4290 498 4357 34,
515 4291 539 4347 7.
566 4289 661 4344 Galen.

407 4369 438 4437 78)
458 4371 519 4424 Vox
537 4369 681 4439 ὡρολόγιον
703 4371 821 4425 ooonrrit
839 4371 912 4439 apud
935 4371 1115 4428 cleomedem:
1135 4373 1177 4439 98,
1193 4374 1218 4426 3.
1233 4372 1258 4425 7.
1275 4371 1316 4425 12.
1333 4371 1374 4424 15.
1392 4371 1433 4425 18.
1448 4371 1491 4425 20.

316 4479 350 4488 »-
371 4449 430 4515 100,
444 4451 469 4504 6.
479 4451 527 4508 -24,
548 4480 581 4489 -
602 4450 662 4515 102,
676 4450 701 4504 3.
721 4480 754 4489 -
776 4451 835 4520 108,
852 4452 894 4506 13.
909 4452 952 4506 22.
966 4453 1009 4506 26.
1022 4453 1065 4507 28.
1086 4483 1118 4494 -
1141 4453 1199 4522 110,
1212 4453 1238 4507 4.
1252 4453 1276 4506 7.
