3425 5192
706 430 926 492 -53-

390 606 519 688 κρύπτει
549 607 679 688 μοίρας,
713 607 731 669 ὁ
765 607 800 669 ὁὲ
831 606 918 689 ἥλιος
950 608 1057 689 ὀλίγον
1095 607 1159 672 δεῖν
1192 610 1406 691 ἡμιμοιριαῖον

339 821 526 904 170‚11sq.
572 819 669 905 (Vide
692 820 752 885 sub
769 820 810 906 1).

285 946 317 1014 3.
339 946 449 1012 Verba
478 964 550 1011 eum
573 945 608 1013 vi
631 947 771 1025 quadam
794 953 894 1026 atque
925 948 1093 1029 gravitate
1126 952 1331 1029 opponuntur
1354 948 1406 1033 (ui.

337 1053 421 1135 Au>-
446 1074 477 1134 ν·
495 1051 644 1139 67suu·)=

341 1162 557 1244 168‚16sqq.
604 1159 751 1242 Σχεδὸν
787 1161 855 1242 μὲν
893 1160 961 1224 οὗν
997 1163 1059 1225 καὶ
1095 1163 1166 1245 ἤδη
1204 1163 1407 1226 ἐπιδέδεικται

390 1275 496 1331 τοῦτο·
531 1267 608 1330 ἀλλὰ
637 1270 742 1349 ἕτερον
770 1267 809 1349 ἦν
836 1267 872 1331 τὸ
901 1269 935 1331 ἐν
961 1275 1026 1338 τοῖς
1053 1271 1228 1351 εἰρημένοις
1249 1293 1407 1353 προηγου-

390 1377 498 1458 μένως
520 1374 850 1456 κατασκευαζόμενον·
876 1381 942 1438 νῦν
966 1375 1005 1438 δὲ
1026 1381 1193 1458 προσεχῶς
1215 1377 1286 1458 περὶ
1309 1378 1406 1440 αὐτοῦ

391 1483 501 1547 τούτου
525 1484 662 1566 ἐροῦμεν
684 1482 736 1545 ἀπ’
762 1483 869 1545 αὐτῶν
891 1487 956 1545 τῶν
983 1485 1188 1566 φαινομένων
1213 1485 1406 1567 ὁρμώμενοι.

342 1591 412 1671 168,
428 1591 548 1672 26εαα.
594 1587 691 1672 (Vide
714 1589 774 1654 sub
789 1588 831 1671 2).

286 1713 592 1797 energumenam
638 1733 721 1796 quae
753 1719 804 1779 est
840 1714 881 1778 de
920 1714 1027 1780 tribus
1076 1715 1264 1780 umbrarum
1295 1716 1409 1798 figuris

339 1820 428 1906 (170,
454 1824 492 1885 11
506 1820 589 1906 sqq.)
622 1826 689 1888 tam
721 1821 909 1903 significans
942 1825 993 1886 est
1028 1826 1159 1903 tamque
1193 1822 1335 1906 elegans,
1372 1828 1409 1888 ut

340 1926 450 1992 faeere
481 1947 544 1993 nun
572 1927 739 2012 possimus
763 1927 840 2009 quin
864 1947 985 2012 magna
1008 1928 1191 1995 imbuamur
1214 1929 1284 1995 eius
1307 1930 1407 1995 admi-

339 2033 477 2101 ratione.

321 2141 414 2206 Haec
428 2141 529 2207 habui
542 2160 626 2222 quae
649 2141 789 2209 dicerem
813 2145 853 2208 de
877 2142 917 2209 iis
940 2162 1024 2224 quae
1037 2143 1246 2210 Posidonium
1268 2145 1308 2209 de
1332 2143 1408 2209 solis

233 2247 458 2332 magnitudine
481 2249 681 2330 quaesivisse
705 2255 739 2315 et
762 2250 909 2316 decuisse
933 2249 1117 2316 Cleomedes
1140 2255 1255 2316 auctor
1278 2255 1337 2316 esu

322 2354 392 2420 Iam
440 2355 643 2437 paucissimis
684 2357 784 2422 lineat
821 2358 1000 2422 subducere
1037 2376 1201 2423 summam.
1262 2356 1409 2422 Vidimus

233 2461 434 2529 Cleomedem
452 2463 487 2528 in
502 2466 717 2559 componendo
740 2463 852 2530 libello
876 2482 933 2530 suo
948 2464 1158 2546 exscripsisse
1172 2465 1409 2531 contentiosam

233 2574 332 2651 atque
365 2590 546 2653 pugnacem
578 2571 668 2637 illam
700 2571 867 2637 Posidonii
899 2571 1130 2653 quaestionem.
1185 2571 1292 2654 Quod
1328 2591 1409 2637 cum

232 2678 398 2762 iaceret,
422 2678 603 2747 servavit
624 2678 732 2744 illam
755 2698 796 2745 eo
820 2681 939 2760 usque
971 2679 1126 2760 plenam
1158 2683 1275 2760 atque
1306 2678 1408 2744 inie-

234 2803 355 2870 gram,
380 2790 422 2850 ut
445 2785 577 2869 gratia
601 2785 636 2851 ei
660 2786 713 2852 sit
736 2786 916 2852 habenda
940 2805 1050 2867 quam
1073 2786 1245 2852 maxima.
