3425 5192
701 417 920 480 ..49-

223 596 391 675 puguatur
415 611 485 657 cum
503 591 645 674 Epicuro
669 591 802 672 eiusque
826 592 1096 659 adsectatoribus,
1141 593 1274 676 Pugnat
1296 594 1398 676 scrip-

223 704 277 764 tor
300 718 373 764 cum
395 704 467 764 tota
488 698 561 780 ipsa
574 699 809 780 Epicureorum
832 699 991 769 doctrina.
1036 699 1108 782 Qua
1130 699 1166 764 in
1188 719 1224 764 re
1248 703 1291 766 ad
1313 720 1397 766 sum-

224 825 310 870 mam
342 805 556 872 acerbitatem
587 807 735 886 procedit
767 810 866 886 atque
902 809 1013 872 tantos
1049 806 1172 875 emittit
1208 808 1398 874 severitatis

224 915 353 979 aculeos
377 914 494 994 quibus
517 913 655 978 maiores
678 913 735 980 vix
757 914 884 994 possint
906 913 1096 997 excogitari
1141 915 1191 980 Ac
1214 915 1243 981 si
1271 921 1397 997 specta·

224 1039 293 1086 mus
316 1039 462 1101 eaquae
485 1022 547 1085 huc
571 1038 672 1100 usque
696 1021 916 1101 quaesivimus
947 1022 1141 1105 haedere,
1173 1023 1282 1088 nullus
1304 1023 1398 1089 dubi-

223 1128 343 1192 tationi
369 1127 502 1193 relictus
531 1133 581 1192 est
608 1129 697 1193 locus
721 1127 799 1207 quin
823 1128 923 1193 otiam
949 1129 1031 1193 haec
1053 1134 1126 1194 tota
1148 1148 1225 1210 pars
1253 1129 1298 1195 sit
1320 1149 1398 1197 vere

222 1235 449 1300 Posidoniana.
495 1234 711 1300 Confirmatur
733 1235 802 1319 hoc,
834 1234 962 1301 utiam
984 1254 1084 1316 supra
1106 1236 1224 1320 monui,
1256 1236 1397 1303 auctori·

223 1346 294 1407 tate
316 1341 473 1425 Diogenis
495 1341 623 1406 Laertii
647 1341 701 1426 (X,
716 1341 759 1427 4),
783 1341 838 1422 qui
858 1341 1067 1408 Posidonium
1091 1342 1295 1424 apertissime
1319 1343 1399 1409 dicit

223 1449 379 1514 acerrimo
412 1467 483 1514 esse
513 1449 710 1514 insectatum
742 1448 928 1530 Epicurum.
983 1447 1090 1531 Quid?
1123 1451 1207 1530 quod
1238 1450 1295 1517 illo
1326 1452 1396 1516 loco

222 1558 335 1622 eadem
357 1556 427 1621 iere
450 1561 593 1639 aguntur
617 1559 715 1636 atque
738 1557 798 1620 hoc
821 1557 900 1641 loco,
924 1557 1028 1623 veluti
1043 1556 1180 1638 Epicuri
1202 1557 1398 1639 impudicum

222 1670 321 1743 atque
344 1663 502 1730 lascivum
524 1681 628 1745 genus
651 1663 814 1728 scribendi
837 1667 990 1729 etvetus
1013 1664 1083 1729 eius
1104 1666 1302 1730 consuetudo
1326 1683 1398 1730 cum
1505 1732 1507 1737 ,

221 1769 358 1835 Leontio
381 1768 608 1855 meretrice.⁹⁷)

311 1876 513 1958 Quamquam
528 1895 568 1942 ex
581 1877 633 1942 his
648 1896 732 1957 quae
746 1876 815 1944 dixi
837 1877 903 1942 iam
926 1878 1008 1943 satis
1031 1877 1181 1960 intellegi
1202 1897 1296 1960 posse
1320 1884 1398 1960 puto

222 1985 383 2048 undenam
406 1982 538 2049 fluxerit
561 1987 650 2050 totus
673 1984 727 2048 bic
754 1987 796 2049 de
823 2003 886 2064 quo
918 1983 1030 2068 agitur
1061 1985 1160 2068 locus
1191 1990 1301 2050 tamon
1333 2005 1398 2050 non

223 2089 371 2155 omittam
403 2090 596 2156 adminiculo
628 2090 678 2156 uti
711 2091 810 2156 etiam
841 2091 911 2172 ipso
948 2091 1111 2157 scribendi
1148 2111 1188 2156 ac
1220 2091 1400 2158 disserendi

222 2215 342 2279 genere
357 2179 440 2277 quod
454 2197 619 2280 proprium
634 2198 737 2264 statui
750 2197 975 2283 Posidonii.⁹⁸)
1012 2198 1076 2263 Sed
1090 2197 1278 2279 priusquam
1292 2218 1398 2280 pauca

223 2306 382 2385 quaedam
404 2305 439 2370 id
461 2325 564 2388 genus
589 2305 730 2390 afferam,
754 2305 852 2372 velim
876 2308 1031 2374 advertas
1054 2305 1197 2371 animum
1211 2325 1308 2386 quam
1326 2312 1399 2372 arte
1458 2361 1460 2364 Α

223 2431 383 2492 quamque
407 2417 484 2493 apte
508 2413 662 2478 adiuncta
685 2413 730 2478 sit
752 2415 834 2479 haec
856 2432 934 2495 pars
962 2413 993 2477 ei
1016 2431 1099 2493 quae
1123 2412 1297 2497 antecedit,
1326 2433 1399 2478 cum

222 2537 296 2601 pag.
314 2521 385 2601 158,
403 2523 477 2600 lsq.
502 2523 614 2587 eadem
637 2520 707 2586 iere
730 2522 832 2589 verba
855 2525 955 2600 atque
978 2538 1052 2602 pag.
1069 2522 1175 2603 154,1
1198 2526 1399 2600 premantur.
1428 2563 1430 2565 ·

277 2626 308 2692 1.
330 2626 597 2708 Comparationes
621 2646 756 2708 quarum
779 2627 989 2693 Posidonium
1012 2631 1141 2693 constat
1163 2626 1265 2692 fuisse
1288 2647 1398 2693 aman-

330 2734 491 2799 tissimum
513 2735 595 2800 fiunt
618 2740 686 2800 tres
710 2733 764 2818 (ci.
783 2736 866 2817 App.
890 2755 920 2816 p.
936 2735 1000 2818 69).

333 2840 567 2921 Comparantur
590 2841 678 2907 inter
701 2860 748 2907 se:

388 2950 495 3030 l58‚8
519 2947 680 3028 Epicurus
705 2952 738 3012 et
761 2948 864 3027 talpa.

387 3056 459 3138 162,
475 3057 596 3134 24sqq.
619 3053 780 3134 Epicurus
805 3059 839 3120 et
862 3055 1038 3120 Thersites,

388 3163 459 3244 166,
476 3163 517 3224 28
541 3160 702 3240 Epicurus
726 3165 761 3227 et
784 3161 913 3226 vermis.

314 3266 405 3349 Quae
420 3267 677 3348 comparationes
691 3268 792 3333 tertia
811 3269 881 3333 sola
896 3272 1033 3349 excepta
1045 3267 1094 3334 ita
1117 3273 1194 3334 sunt
1217 3267 1398 3351 institutae,

225 3378 262 3439 ut
284 3374 319 3439 id
342 3394 475 3454 quocum
500 3379 706 3456 comparetur
728 3375 865 3441 inferius
889 3375 933 3440 sit
955 3395 991 3440 re
1015 3377 1239 3457 comparanda.

313 3580 346 3650 ⁹2)
365 3579 496 3634 Fabulam
525 3595 592 3647 quae
621 3578 717 3632 doceat
736 3577 830 3633 stellas
858 3579 968 3633 accendi
996 3584 1079 3646 atque
1106 3578 1247 3647 exstingui
1266 3579 1398 3633 Ibericam

224 3675 281 3715 asse
295 3661 465 3729 apertissime
481 3660 548 3714 dicit
560 3660 618 3727 ipse
628 3658 789 3713 Posidonius
802 3660 874 3726 apud
889 3659 1047 3714 Strabonem
1057 3660 1109 3725 ΙΙΙ,
1120 3661 1145 3726 5,
1157 3660 1208 3713 138
1219 3662 1265 3727 (==
1274 3675 1336 3728 pag.
1345 3659 1396 3712 186

224 3741 265 3794 od.
279 3741 416 3811 Manem).
439 3771 470 3778 -
490 3741 530 3794 cf.
547 3740 642 3794 etiam:
663 3740 743 3808 Diog.
758 3740 850 3794 Laert.
865 3740 899 3807 Χ,
913 3741 955 3793 98.
975 3771 1009 3778 -
1032 3739 1122 3794 Posid.
1135 3739 1222 3793 Rhod.
1237 3739 1296 3794 rell.
1310 3740 1398 3794 doctr.

223 3821 265 3874 ed.
280 3822 347 3874 Bak.
361 3837 423 3889 pag.
439 3821 473 3874 69
484 3837 540 3888 sqq.
562 3851 594 3859 -

312 3900 407 3954 Nonne
435 3905 462 3954 et
490 3901 539 3954 lroc
567 3916 615 3954 nos
640 3906 734 3954 monet
761 3907 793 3953 ut
821 3901 892 3954 hunc
920 3916 1026 3968 quoque
1044 3902 1132 3955 locum
1159 3901 1194 3954 ad
1223 3900 1398 3954 Posidonium

224 3980 397 4034 revocemus?

313 4059 426 4114 Accedit
445 4060 513 4126 quod
532 4060 575 4114 vir
594 4061 688 4114 doetus
704 4058 922 4115 Muellenhoftius
941 4061 1087 4129 (Deutsche
1100 4062 1345 4117 Altertumslruude
1357 4063 1397 4130 Il,

224 4139 406 4209 Berol.1890‚
433 4155 496 4207 pag.
510 4141 573 4210 400)
602 4140 723 4195 ostendit
748 4143 832 4198 verba
860 4157 930 4209 quae
948 4141 1050 4210 script-a
1067 4142 1200 4210 leguntur
1219 4143 1279 4208 160,
1291 4144 1397 4198 17-23

223 4237 385 4288 quamquam
413 4220 570 4275 exhiberent
589 4221 798 4288 Hipparchicam
827 4223 977 4276 doctrinam
1005 4228 1097 4275 tomen
1115 4223 1261 4277 Posidonio
1288 4229 1398 4278 tantum

223 4317 281 4356 esse
310 4301 462 4354 tribuenda.
483 4331 516 4339 -
541 4301 579 4355 ol.
600 4301 697 4354 etiam:
727 4301 841 4367 Plinius,
868 4303 931 4356 Not.
948 4301 1018 4355 Hist.
1038 4303 1075 4370 Π,
1087 4302 1139 4356 186
1149 4319 1205 4370 sqq.
1226 4333 1259 4342 -
1282 4305 1396 4373 Berger,

223 4380 274 4437 Die
294 4380 526 4450 geographischen
545 4381 711 4449 Pragmcnte
730 4382 776 4435 des
795 4382 941 4449 Hipparch.
960 4382 1034 4449 Lips.
1051 4383 1129 4448 1869,
1148 4399 1210 4451 pag.
1225 4384 1260 4436 60
1269 4399 1307 4450 sq.

314 4462 348 4528 ⁰⁸)
368 4462 426 4528 Qua
444 4463 476 4516 de
494 4477 522 4516 re
541 4461 664 4516 conferas
683 4477 765 4529 pagg.
782 4463 824 4516 37.
844 4462 878 4515 39
889 4478 928 4529 sq.
947 4463 982 4515 46
996 4479 1053 4530 sqq.
1073 4464 1107 4516 52
1121 4479 1161 4530 sq.
1181 4465 1214 4517 55
1227 4479 1284 4531 sqq.

1219 4553 1237 4605 4
