3425 5192
692 1395 950 1478 Prooemium.

322 1592 525 1675 Quamquam
539 1593 633 1658 multi
649 1592 782 1658 fuerunt
796 1598 926 1660 veteres
940 1592 1006 1660 viri
1021 1592 1108 1658 docti
1122 1592 1178 1673 qui
1192 1593 1323 1674 penitus
1337 1614 1411 1676 per·

233 1703 408 1766 scrutando
442 1719 558 1766 causas
588 1718 697 1765 rerum
724 1705 824 1780 atque
852 1705 1006 1766 naturam
1032 1719 1154 1783 magna
1176 1701 1411 1783 praeclaraque

234 1808 401 1873 effecerint
424 1812 458 1872 et
481 1808 617 1872 multum
640 1808 675 1872 in
697 1812 825 1889 tempus
849 1807 917 1874 vim
939 1805 1116 1873 habuerint
1143 1812 1242 1888 atque
1269 1809 1411 1876 anctori-

231 1919 344 1997 tatem,
377 1919 486 1979 tamen
517 1932 615 1995 opera
643 1933 753 1981 eorum
780 1915 872 1980 nulla
895 1914 966 1980 tere
992 1914 1065 1996 ipsa
1088 1915 1236 1980 tulerunt
1258 1920 1410 1981 aetatem.

216 2022 342 2102 -Atqne
365 2022 426 2087 hoc
450 2022 566 2086 cadere
590 2021 690 2086 etiam
712 2021 747 2086 in
770 2021 980 2086 Posidonium
1004 2039 1041 2088 eo
1055 2020 1160 2104 magis
1175 2026 1226 2087 est
1240 2023 1411 2089 dolendum

233 2130 317 2208 qnod
339 2127 395 2193 ille
418 2128 471 2196 vir
495 2147 617 2193 summo
640 2127 771 2210 ingenio
794 2127 964 2210 praeditus
988 2133 1021 2194 et
1044 2128 1079 2193 in
1094 2129 1192 2194 rebus
1210 2128 1411 2209 inquirendis

232 2234 500 2318 diligentissimus
525 2239 623 2315 atque
647 2235 854 2301 acutissimus
879 2254 988 2301 omnes
1002 2234 1072 2301 fere
1087 2234 1296 2301 scientiarum
1315 2236 1410 2302 disci-

231 2341 339 2422 plinas
363 2343 474 2407 eodem
498 2342 605 2407 studio
629 2343 806 2422 eademque
829 2342 993 2408 industria
1017 2346 1067 2408 est
1090 2342 1267 2423 amplexus.

321 2449 517 2514 Recentiore
531 2450 658 2514 demum
674 2452 785 2515 aetate
808 2448 947 2532 contigit
969 2453 1007 2514 ut
1030 2449 1095 2515 viri
1118 2449 1206 2515 docti
1228 2450 1411 2531 reperirent

231 2555 311 2621 illos
332 2555 419 2621 locos
447 2555 504 2621 ubi
531 2554 639 2622 irusta
666 2556 721 2623 111
747 2555 892 2621 frustula
918 2556 1088 2622 doctrinae
1101 2556 1339 2622 Posidonianae
1362 2557 1409 2622 la·

230 2667 339 2728 terent
363 2661 485 2729 abditu.
538 2661 627 2744 Quas
650 2661 805 2744 reliquias
833 2667 871 2728 ut
898 2663 933 2728 11
960 2663 1065 2729 lucem
1093 2662 1277 2744 proterrent
1306 2664 1410 2730 veluti

231 2770 402 2835 thesauros
427 2771 570 2853 obrutos
596 2774 710 2836 nostra
733 2774 843 2835 aetate
866 2769 933 2834 iam
955 2770 1135 2851 complures
1159 2770 1304 2836 homines
1323 2769 1410 2836 docti

232 2876 327 2941 enixe
359 2878 519 2942 dederunt
552 2894 690 2957 operam.
741 2877 851 2958 Atque
883 2878 994 2943 eodem
1026 2877 1133 2942 studio
1165 2877 1317 2943 inductus
1349 2878 1411 2942 hac

232 2981 503 3047 commentatione
531 2983 658 3062 suscepi
689 2984 913 3048 demonstrare
937 2988 1093 3063 quantum
1126 2984 1232 3048 adhuc
1266 2988 1410 3049 exstaret

232 3106 441 3167 eorumquae
456 3088 648 3153 Posidonius
664 3107 735 3153 oum
750 3091 790 3154 de
813 3088 1016 3172 geographia
1039 3108 1123 3169 quae
1145 3089 1265 3155 dicitur
1286 3091 1411 3155 matbe-

232 3194 353 3259 matica
377 3195 481 3275 deque
504 3194 693 3279 astrologia,
716 3200 787 3260 tum
810 3198 850 3261 de
873 3196 1099 3280 magnitudine
1121 3201 1220 3277 atque
1235 3197 1410 3263 altitudine

232 3318 399 3384 corporum
432 3301 622 3367 caelestium
653 3303 867 3383 praeceperit.
913 3302 977 3368 Sed
999 3322 1058 3384 per
1080 3322 1116 3369 se
1139 3304 1199 3369 hoc
1222 3304 1308 3384 quod
1331 3304 1410 3369 mihi

230 3406 383 3490 proposui
405 3427 522 3474 munus
536 3408 653 3474 luisset
667 3409 902 3494 difficillimum,
926 3409 990 3476 nisi
1011 3411 1124 3491 paucis
1138 3411 1233 3476 annis
1257 3416 1334 3477 1111
1357 3411 1410 3477 vir

231 3516 345 3582 doctus
368 3515 546 3581 Martinius
579 3534 661 3596 quae
693 3517 750 3583 via
783 3518 824 3582 ad
856 3516 1078 3600 indagandam
1101 3517 1266 3582 Posidonii
1295 3520 1335 3583 de
1358 3518 1409 3583 bis

230 3623 327 3688 rebus
361 3623 542 3689 doctrinam
574 3624 667 3688 nobis
700 3628 787 3688 esset
819 3623 963 3689 ineunda
995 3624 1083 3690 clare
1112 3629 1211 3706 atque
1239 3624 1410 3692 evidenter

230 3729 425 3796 ostendisset
449 3730 598 3811 idemque
622 3730 721 3796 etiam
745 3749 815 3796 eam
841 3736 928 3797 esset
950 3731 1125 3814 ingressus.
1171 3730 1323 3797 Ostendit
1351 3732 1408 3797 ille

230 3836 833 3918 11111111111111111111111111111
861 3837 926 3903 nisi
954 3858 974 3902 a
1000 3838 1112 3904 libello
1140 3837 1278 3904 bominis
1302 3837 1407 3904 cnius-

231 3944 305 4007 dam
338 3963 432 4023 quem
461 3945 590 4024 quidem
622 3945 797 4010 stoicorum
824 3950 948 4010 sectam
976 3963 1048 4010 esse
1071 3949 1217 4010 secutum
1242 3945 1407 4027 exipsius

230 4046 341 4114 libello
365 4049 447 4115 satis
479 4051 619 4117 dilucide
648 4056 794 4134 apparot.
840 4052 951 4132 Atque
973 4051 1029 4117 ille
1053 4051 1106 4120 vir
1129 4054 1169 4117 de
1192 4071 1254 4133 quo
1284 4071 1326 4118 ne
1348 4053 1406 4118 mi·

230 4154 352 4220 nimum
375 4155 505 4236 quidem
529 4157 649 4224 eortius
672 4163 809 4242 constat,
843 4176 938 4239 quem
970 4162 1079 4224 tamen
1106 4158 1194 4224 inter
1223 4159 1354 4225 saecula
1377 4179 1406 4240 p.

169 4318 174 4324 ,
231 4259 304 4327 Obr.
329 4281 359 4328 n.
382 4260 521 4344 primum
544 4268 643 4344 atque
666 4264 801 4330 tertium
823 4264 925 4330 tuisse
949 4284 1080 4331 necesse
1104 4270 1162 4349 est,
1187 4265 1407 4330 Cleomedes

231 4373 290 4452 111,
319 4374 435 4434 auctor
461 4367 565 4436 libelli
578 4355 580 4360 ¹
593 4370 649 4451 qui
676 4371 868 4436 inscribitur
891 4372 1103 4455 Κλεομήόους
1124 4372 1289 4454 Κυκλικῆς
1315 4371 1406 4437 Θεω-

230 4477 299 4557 ρίας
322 4476 508 4558 Marcoque
530 4476 634 4559 βιβλία
659 4478 727 4542 δύο.
