3425 5192
789 375 1011 436 „24-

417 569 486 615 rem
508 549 705 616 minoremve
729 568 799 615 esse
822 550 900 616 solis
928 548 1184 632 magnitudinem
1212 554 1311 630 atque
1341 550 1487 619 altitudi-

418 675 499 740 nem,
522 661 619 737 prout
634 662 791 740 oreretur,
816 657 987 738 occideret,
1010 656 1150 721 medium
1165 657 1290 722 caelum
1314 656 1487 724 obtineret.

399 764 437 829 B.
484 763 836 829 Conclusinnculae
886 763 981 828 illae
1027 762 1195 828 fallaces
1244 764 1487 830 refutantur:

314 872 641 954 raaia-laam.

356 995 390 1081 a)
417 998 681 1079 raam-124,
692 999 721 1061 8.
766 995 859 1061 Fieri
886 1014 950 1062 non
978 1000 1087 1076 potest
1114 1001 1152 1060 ut
1180 996 1228 1061 sol
1257 1001 1291 1061 et
1313 995 1417 1061 maior
1440 996 1485 1062 sit

418 1107 452 1168 ct
474 1101 587 1168 minor.
634 1103 698 1169 Cur
721 1103 769 1168 sol
792 1103 886 1169 nobis
901 1102 1054 1169 videatur
1067 1109 1102 1168 et
1115 1102 1219 1169 maior
1238 1122 1309 1169 esse
1326 1108 1360 1168 et
1374 1103 1487 1188 minor,

417 1228 517 1275 causa
540 1214 591 1275 est
614 1212 792 1291 repetenda
816 1229 856 1275 ex
879 1210 1071 1276 multiformi
1094 1211 1181 1276 aeris
1205 1211 1376 1290 qualitate.

355 1315 392 1399 b)
419 1319 639 1398 lato—24.
663 1317 776 1398 Neque
789 1322 900 1397 potest
918 1317 989 1382 fieri
1007 1329 1045 1382 ut
1068 1317 1145 1382 solis
1169 1317 1309 1384 altitudo
1333 1323 1366 1382 ct
1384 1318 1488 1382 maior

418 1423 462 1488 sit
485 1428 519 1488 ct
542 1423 653 1490 minor.
699 1425 783 1490 Eam
810 1425 904 1490 nobis
934 1425 1034 1489 talem
1057 1443 1129 1490 esse
1151 1424 1257 1491 videri
1281 1424 1424 1490 efficitur
1446 1443 1487 1489 ex

418 1532 532 1596 eadem
555 1531 650 1597 varia
673 1531 759 1596 acris
783 1531 954 1612 qualitate.

398 1637 490 1720 Quae
512 1639 678 1718 hucusque
701 1637 855 1705 universe
879 1643 956 1703 sunt
979 1637 1069 1702 dicta
1091 1639 1125 1703 iu
1149 1638 1190 1703 iis
1205 1657 1288 1718 quae
1307 1644 1488 1718 sequuntur

311 1745 399 1827 (124,
411 1747 453 1808 25
466 1782 503 1792 -
520 1747 591 1829 132,
603 1745 636 1829 9)
660 1744 818 1826 prolixius
842 1744 1058 1826 explicantur.

354 1873 390 1947 c)
418 1871 488 1952 124,
505 1871 667 1952 25-126,
679 1872 729 1934 21.
753 1869 987 1950 Epicureorum
1002 1868 1110 1949 opinio
1124 1870 1222 1936 valde
1236 1870 1401 1952 discrepat
1415 1888 1488 1933 cum

415 1977 544 2042 ratione
568 1995 651 2056 quae
665 1976 840 2041 intercedit
863 1977 951 2041 inter
973 1979 1148 2059 φαντασίαν
1172 1981 1206 2041 et
1219 1976 1308 2041 inter
1322 1977 1484 2060 ἀλήθειαν,

372 2113 374 2120 ·
415 2082 523 2148 idest
550 2082 637 2148 inter
661 2084 800 2165 speciem
824 2088 859 2148 ct
882 2084 971 2149 inter
992 2085 1177 2150 veritatem.
1223 2084 1315 2166 Quae
1336 2084 1433 2168 ratio,
1458 2085 1487 2150 si

417 2191 502 2256 hanc
525 2209 593 2256 rem
608 2195 800 2275 spectamus,
824 2196 875 2257 est
889 2192 983 2257 haec:
1007 2190 1206 2256 Effioiuntur
1221 2191 1294 2255 coni
1309 2192 1371 2256 dno
1385 2191 1487 2256 radiis

417 2317 458 2362 ex
479 2297 580 2364 oculis
603 2298 725 2363 nostris
742 2298 860 2382 effusis
885 2299 970 2364 alter
984 2298 1074 2364 cuius
1091 2298 1232 2363 altitudo
1247 2303 1281 2363 et
1295 2298 1385 2364 basis
1408 2304 1487 2364 sunt

417 2423 523 2488 verae,
548 2405 634 2470 alter
658 2405 750 2471 cuius
774 2406 915 2471 altitudo
939 2410 973 2470 et
995 2405 1085 2470 basis
1108 2409 1186 2471 sunt
1209 2405 1371 2485 opinatae.

310 3523 471 3587 Ponamus
494 3540 580 3586 nunc
602 3523 697 3587 haec:
1099 3598 1101 3601 ¹

399 3628 442 3694 A:
466 3629 551 3693 unde
575 3628 675 3694 oculis
699 3631 894 3710 spectatoris
917 3631 1062 3696 cernitur
1085 3633 1142 3696 sol.

399 3737 432 3800 d:
457 3753 537 3801 vera
564 3735 641 3801 solis
674 3736 826 3801 diametri
849 3738 1048 3821 magnitudo,
1081 3739 1172 3805 cuius
1200 3746 1348 3805 centrum
1379 3745 1433 3806 est
1456 3741 1487 3807 S.

400 3839 437 3906 d':
462 3841 598 3922 opinata
611 3842 689 3908 solis
712 3844 866 3908 diametri
880 3845 1079 3930 magnitudo,
1103 3845 1195 3911 cuius
1210 3852 1356 3912 centrum
1380 3852 1433 3913 cst
1447 3846 1488 3915 S'.

310 3949 362 4012 Ex
378 3948 475 4014 simili
489 3950 617 4014 ratione
630 3969 715 4029 quae
729 3949 906 4016 intercedit
919 3952 1007 4017 inter
1020 3953 1080 4018 hos
1090 3955 1170 4018 duos
1185 3972 1281 4020 conos
1295 3954 1378 4020 fiunt
1392 3956 1487 4020 haec:

440 4070 777 4139 A82As'=o²:o'2.

309 4181 412 4245 Porro
536 4179 715 4244 AS=00·
733 4179 808 4247 As'.

309 4287 398 4368 Ergo
574 4289 647 4352 d=
660 4309 716 4350 00·
735 4287 772 4354 d'.
806 4287 932 4373 (conier
954 4291 1046 4356 Eucl.
1069 4292 1171 4356 Elem.
1195 4311 1285 4374 prop.
1310 4293 1409 4377 xiia
1438 4296 1487 4359 ed.

310 4393 478 4479 Heiberg).
