3425 5192
799 406 1021 468 -26...

321 603 385 650 non
408 587 516 665 potest
541 583 618 662 quin
639 582 810 664 paululum
832 586 956 664 pugnet
979 601 1050 646 cum
1074 581 1115 646 iis
1139 581 1194 661 qui
1224 582 1404 648 defendant
1425 601 1498 663 per-

321 709 434 758 versas
457 690 532 755 illas
556 689 746 755 sententias.

409 800 519 877 Atque
542 798 628 862 hanc
651 815 748 877 quam
771 796 938 875 hucusque
961 794 1105 861 tractavi
1129 800 1257 876 partem
1279 813 1316 860 re
1329 814 1410 862 vera
1428 815 1499 861 esse

321 909 449 987 partem
482 903 581 969 certis
614 901 761 968 terminis
792 901 1070 984 circumscriptam
1103 907 1202 982 atque
1234 899 1400 968 definitam
1434 903 1499 968 iam

322 1013 438 1078 docent
471 1012 554 1076 duae
586 1029 639 1074 res
671 1029 755 1090 quae
789 1012 830 1074 ad
862 1009 967 1090 ipsam
990 1008 1153 1074 scribendi
1175 1008 1312 1074 formam
1335 1016 1499 1090 spectant:

320 1119 458 1200 primum
493 1117 579 1182 enim
612 1117 928 1183 commemoraverim
962 1115 1074 1199 (velim
1108 1115 1257 1182 conferas
1292 1119 1364 1200 120,
1390 1119 1496 1182 7-11

322 1243 393 1290 cum
411 1227 483 1309 132,
500 1224 644 1309 24-28)
669 1224 848 1290 clausulam
872 1222 967 1288 huius
990 1223 1097 1305 partis
1119 1221 1291 1288 terminari
1313 1223 1415 1289 isdem
1429 1223 1499 1289 1010

320 1331 431 1398 verbis
464 1351 484 1395 a
517 1331 633 1411 quibus
666 1331 834 1412 inceperat
866 1331 948 1396 haec
979 1348 1065 1411 pars.
1110 1330 1160 1395 Ac
1193 1328 1267 1394 dein
1295 1328 1442 1397 videmus
1464 1331 1499 1396 in

320 1439 400 1520 ipsis
422 1438 536 1520 primis
559 1437 696 1504 alterius
720 1437 825 1518 partis
848 1436 959 1502 verbis
983 1435 1070 1520 (134,
1087 1436 1120 1520 1)
1139 1437 1212 1502 11100
1226 1437 1401 1508 αὐτούς-
1415 1440 1499 1517 quod

320 1545 513 1612 vocabulum
546 1545 751 1610 referendum
783 1549 834 1609 est
866 1545 909 1609 ad
939 1542 1154 1626 adversarios
1187 1546 1230 1609 ad
1252 1543 1431 1625 Epicureos
1455 1583 1499 1590 -

320 1671 432 1718 rursus
456 1653 617 1718 nominari
640 1671 773 1732 prorsus
797 1653 908 1717 ecdem
931 1653 1022 1716 modo
1046 1655 1145 1731 atque
1168 1651 1302 1716 ineunte
1315 1652 1378 1717 hac
1392 1652 1498 1734 prima

319 1765 415 1840 parte
439 1762 526 1844 (120,
545 1759 673 1843 1120).

411 1865 598 1947 Sequitur
621 1867 752 1931 altera
776 1864 975 1946 quaestionis
999 1866 1039 1930 de
1062 1864 1139 1930 solis
1159 1865 1385 1947 magnitudine
1407 1885 1498 1946 pars

321 1976 497 2054 eademque
530 1993 653 2038 summa
677 1978 776 2052 atque
809 1991 969 2056 maxuma,
1002 1991 1085 2051 quae
1109 1971 1238 2053 etipsa
1261 1972 1368 2038 divisa
1391 1973 1499 2038 estin

321 2080 501 2161 complures
529 2085 649 2163 partes,
682 2099 819 2159 quarum
848 2097 1062 2158 unaquaeque
1089 2079 1244 2145 facillime
1266 2083 1375 2166 potest
1397 2079 1497 2144 inter-

321 2187 418 2253 nosci.
465 2187 548 2252 Sunt
573 2187 656 2252 enim
680 2188 755 2252 hae:

364 2296 403 2359 A.
429 2296 501 2376 132,
518 2296 560 2358 29
572 2331 612 2339 -
628 2296 699 2376 140,
716 2295 767 2358 22.
791 2291 1361 2378 01110001000110110(1010ῖο0149)
1377 2294 1498 2360 001001.

365 2401 402 2465 B.
432 2403 500 2484 140,
517 2402 612 2465 23-
626 2403 697 2484 150,
714 2403 765 2465 30.
803 2399 858 2465 Sol
873 2400 1106 2480 magnitudinis
1116 2398 1175 2485 est
1192 2417 1292 2481 pmpe
1310 2399 1466 2466 infinitae.

365 2508 398 2574 0.
429 2510 500 2592 158,
518 2511 675 2592 1-168,
693 2510 742 2574 10.
780 2509 954 2591 Pugnatur
978 2508 1158 2588 10000110
1181 2507 1375 2588 gravissime
1399 2513 1498 2589 atque

428 2616 585 2680 acerrime
609 2634 680 2680 cum
704 2615 845 2695 Epicuro
870 2614 1003 2694 eiusque
1026 2614 1172 2679 adseclis

365 2723 404 2788 D.
432 2723 503 2803 168,
521 2725 615 2786 13-
629 2724 700 2805 170,
717 2724 767 2786 27.
813 2723 918 2786 Terra
940 2721 1044 2786 maior
1066 2726 1117 2786 est
1140 2722 1196 2786 001.

411 2827 535 2909 Quibus
558 2827 747 2909 praemissis
771 2827 993 2893 consideretur
1016 2847 1114 2893 nunc:

67 3086 91 3126 11
105 3087 298 3136 100,10-110,01.
565 3061 657 3128 Pars
681 3061 882 3146 posterior:
908 3059 985 3142 132,
1001 3059 1043 3126 29
1054 3060 1185 3141 -170,
1201 3060 1253 3126 27.

281 3265 306 3306 n.
366 3240 404 3306 1.
431 3241 501 3322 132,
518 3240 698 3321 29-140,
714 3241 765 3304 22.
811 3238 923 3306 Nullo
946 3238 1056 3306 modo
1080 3237 1268 3325 0011011041)
1292 3239 1437 3306 001001.

428 3382 459 3467 a)
485 3379 757 3465 134,147)-14.
803 3380 896 3462 Quod
910 3399 1005 3461 quarn
1021 3400 1134 3446 verum
1157 3380 1202 3447 sit
1225 3383 1331 3447 elucet
1354 3400 1395 3447 ex
1408 3382 1496 3447 velo-

481 3489 582 3553 citate
605 3507 670 3568 qua
693 3505 770 3553 usus
794 3488 899 3553 oritur
921 3488 978 3554 sol.

525 3596 656 3661 Etenim
698 3598 773 3661 dum
814 3602 960 3661 extremo
1002 3596 1149 3679 margine
1192 3615 1291 3677 supra
1332 3595 1497 3661 finientem

481 3704 567 3768 elato
591 3707 678 3768 totus
702 3703 856 3784 apparuit
880 3704 936 3787 sol,
955 3702 1158 3784 percucurrit
1182 3722 1282 3783 equus
1305 3721 1369 3769 non
1392 3702 1497 3768 minus
1625 3702 1633 3717 '

480 3813 589 3876 decem
627 3810 744 3894 stadia,
784 3810 987 3876 velocissima
1024 3816 1133 3877 autem
1169 3810 1241 3878 avis
1272 3811 1346 3892 plus
1379 3812 1497 3894 decem,

480 3919 581 3984 telum
622 3918 760 3998 denique
802 3917 1085 3984 vehementissimo
1130 3917 1254 3998 impetu
1299 3937 1391 3983 usum
1432 3936 1498 3983 non

408 4127 443 4194 ⁴⁹)
462 4129 552 4182 Verba
571 4130 722 4196 τηλικοῦτος
737 4160 769 4168 -
785 4129 876 4198 ἡλίκος
891 4132 1017 4198 φαίνεται,
1037 4130 1135 4197 quibus
1148 4131 1286 4197 hucusque
1299 4131 1415 4198 scriptor
1429 4131 1498 4193 sotis

319 4222 453 4275 superque
471 4223 535 4262 usus
554 4218 602 4274 est,
622 4208 652 4262 in
674 4209 780 4276 reliqua
803 4216 864 4264 tota
886 4211 919 4265 de
943 4211 1008 4264 solis
1031 4211 1221 4280 magnitudine
1244 4214 1326 4278 atque
1349 4211 1498 4266 altitudine

320 4287 478 4354 quaestione
496 4304 565 4354 quae
584 4289 696 4355 explicit
714 4305 776 4357 pag.
792 4290 851 4356 170,
865 4290 899 4343 27
918 4289 973 4343 iam
993 4307 1046 4344 non
1065 4296 1130 4344 sunt
1147 4291 1273 4345 adhibita
1296 4292 1331 4344 ad
1354 4305 1499 4359 argumen-

320 4367 440 4420 tandum.
478 4367 622 4436 Singulare
640 4375 668 4422 et
688 4375 717 4422 ut
737 4369 777 4422 ita
796 4369 885 4423 dicam
909 4371 1063 4439 solivagum
1082 4371 1215 4425 remansit
1237 4371 1307 4425 illud
1325 4370 1387 4424 odoi
1404 4370 1497 4438 ἡλίκος

320 4448 438 4514 φαίνεται
457 4449 528 4514 quod
545 4448 648 4517 legitur
666 4465 727 4517 pag.
745 4449 905 4518 1311380.
