3425 5192
691 425 914 488 ..41-

246 603 279 688 2)
303 604 560 684 συμπαρεκτείνω
576 620 660 681 quae
674 619 739 667 vox
753 605 908 681 quattuor
926 600 961 664 in
974 600 1054 666 locis
1078 601 1221 667 occurrit
1233 601 1390 669 brevissi·

303 709 364 775 mis
389 708 505 790 spatiis
529 708 735 774 intermissis:
759 728 789 789 p.
806 710 880 790 138,
906 709 1088 774 121722.
1108 709 1198 790 140,1
1215 727 1262 789 sq.

302 924 351 988 Ac
384 925 550 988 secundo
581 922 766 989 alterius
799 923 938 1007 partis
970 923 1054 987 loco
1077 922 1659 1006 (140‚23—150,23)11.anna-coac.

214 1031 456 1096 demonstratm·
488 1030 588 1095 solem
619 1029 763 1111 ingentis
801 1047 872 1094 esse
904 1028 1145 1111 magnitudinis.
1200 1029 1271 1094 Hoc
1303 1030 1389 1094 enim

214 1137 372 1218 probatur
405 1136 587 1202 rationibus
611 1140 775 1219 quattuor,
798 1125 848 1200 ¹en
878 1135 994 1216 quibus
1027 1138 1110 1200 duae
1142 1135 1392 1216 proficiscuntur

215 1246 256 1310 ab
271 1244 351 1328 ipsis
366 1245 463 1308 rebus
479 1243 684 1326 caelestibus
699 1245 783 1308 duae
793 1241 1095 1307 mathematicorum
1107 1261 1195 1307 more
1205 1247 1282 1308 sunt
1296 1243 1389 1308 insti-

218 1356 322 1417 tutae:
347 1369 418 1417 esse
442 1352 541 1416 solem
555 1351 710 1415 maiorem
731 1349 863 1414 summis
886 1349 1042 1415 montium
1057 1351 1236 1415 verticibus
1259 1348 1391 1434 (quippe

216 1457 272 1540 qui
288 1457 355 1523 sint
368 1458 452 1541 lati),
467 1457 593 1522 hrfinito
609 1456 763 1522 maiorem
777 1455 926 1522 maximis
941 1455 1056 1521 insulis
1080 1456 1211 1538 (quippe
1226 1475 1309 1537 quae
1324 1458 1391 1522 sint

214 1564 313 1631 etiam
326 1563 484 1648 latiores),
507 1564 614 1629 decies
629 1563 734 1629 milies
748 1564 904 1630 maiorem
921 1568 1019 1630 terra.
1058 1563 1122 1628 Sed
1146 1565 1240 1628 deca
1263 1564 1391 1629 ratione

214 1691 297 1753 quae
328 1671 363 1736 in
387 1675 502 1751 quarto
535 1671 604 1737 loco
632 1676 683 1737 cst
714 1672 823 1752 posita
855 1671 1082 1751 artissimeque
1115 1671 1287 1736 coniuncta
1320 1690 1389 1736 cum

213 1779 330 1861 tertia,
363 1778 450 1843 infra
483 1777 571 1860 (vide
595 1797 668 1861 pag.
693 1780 735 1841 44
755 1778 814 1863 sq.)
850 1777 1036 1844 accuratius
1067 1777 1131 1843 erit
1163 1779 1390 1858 quaerendum.

1441 1007 1462 1034 a.
1478 994 1660 1044 icona-raone.

214 1885 325 1950 Etiam
349 1889 420 1950 tota
435 1885 515 1949 haec
538 1890 699 1965 pars—ut
723 1890 774 1949 est
796 1884 1055 1950 luculentissima
1075 1885 1268 1968 gradatione
1292 1890 1391 1966 atque
1446 1885 1448 1889 ’

213 2011 322 2057 rerum
337 1993 465 2056 unitate
488 1991 937 2074 evidentissima-‚originem
956 1992 1061 2057 traxit
1083 1992 1125 2056 ab
1139 2011 1202 2057 uno
1218 1995 1391 2072 eodemque

213 2104 354 2164 auctore.
392 2099 550 2182 Quoniam
574 2119 647 2182 pag.
666 2100 781 2183 letae
797 2099 989 2164 Posidonius
1003 2099 1190 2164 nominatur
1205 2104 1238 2163 et
1261 2099 1391 2180 saepius

214 2206 332 2290 (veluti
357 2209 475 2289 144,20
490 2206 571 2293 sqq.)
594 2210 761 2288 pugnatur
784 2225 856 2272 cum
880 2205 1021 2286 Epicuro
1053 2205 1185 2286 eiusque
1209 2205 1390 2289 disciplina,

212 2331 275 2378 non
311 2312 402 2379 video
427 2313 504 2393 quid
536 2312 709 2394 prohibeat
741 2313 794 2380 vel
827 2314 945 2396 obstet,
978 2313 1146 2392 quominus
1170 2314 1252 2378 haec
1284 2313 1391 2378 omnia

212 2419 394 2485 tribuamus
426 2420 607 2486 Posidonio.
663 2419 756 2502 Quod
787 2439 901 2488 verum
938 2439 1009 2485 esse
1040 2419 1195 2486 facillime
1231 2420 1391 2502 probatur

212 2527 324 2608 paucis
353 2527 546 2608 quibusdam
574 2527 647 2592 aliis
672 2526 883 2609 argumentis.
929 2527 993 2592 Sed
1016 2528 1201 2610 cogitantes
1223 2527 1390 2593 Posidonii

213 2635 252 2699 de
285 2633 361 2699 solis
394 2635 618 2718 magnitudine
651 2635 810 2699 rationem
846 2653 971 2699 summa
1002 2634 1104 2701 fuisse
1135 2634 1170 2701 ui
1202 2653 1390 2713 summaque

214 2742 410 2807 auctoritate
434 2743 530 2824 paulo
554 2742 654 2808 altius
668 2747 854 2823 repetamus
879 2747 913 2807 et
931 2741 1022 2806 illam
1044 2741 1205 2806 rationem
1229 2741 1390 2823 copiosius

192 2848 430 2932 explanemus.
476 2850 546 2913 lam
570 2848 839 2933 8011116261111377)
873 2854 907 2913 et
937 2846 1176 2934 Hultschins⁷⁸)
1209 2848 1391 2913 rectissime

215 2959 406 3019 monuerunt
437 2955 521 3020 hanc
553 2955 713 3019 rationem
736 2973 807 3020 csse
838 2954 1063 3035 imperfectam
1092 2960 1126 3020 et
1158 2955 1200 3020 ab
1224 2954 1287 3020 isto
1321 2955 1390 3036 ipso

215 3059 382 3125 Cleomede
416 3066 561 3126 coactam
584 3060 618 3125 in
651 3065 833 3142 angustum.
882 3060 961 3125 Cum
985 3061 1051 3126 alia
1084 3066 1153 3126 tum
1175 3061 1257 3126 illud
1289 3060 1389 3126 inter-

214 3165 347 3231 missum
380 3172 430 3232 est
465 3167 572 3232 dicere
605 3171 737 3247 quotam
773 3172 884 3232 terrae
918 3167 1059 3233 ambitus
1096 3172 1223 3249 partem
1256 3173 1390 3250 putaret

216 3273 408 3339 Posidonius
432 3293 503 3338 esse
526 3278 728 3357 segmentum
750 3274 832 3339 illud
856 3276 921 3339 300
941 3275 1083 3340 stadium
1105 3274 1253 3355 idemque
1277 3278 1392 3340 umbra

213 3398 336 3446 carens.
383 3381 493 3461 Atque
523 3381 591 3446 loco
616 3382 754 3461 quodam
786 3381 934 3446 adhibito
957 3381 1108 3447 Pliniano
1140 3381 1228 3467 (Nat.
1243 3382 1329 3448 Hist.
1343 3382 1389 3466 ΙΙ,

213 3485 268 3572 85)
292 3487 485 3552 Hultschius
509 3493 604 3553 acute
628 3493 808 3570 arguteque
833 3489 977 3553 ostendit
1004 3487 1086 3555 illud
1109 3494 1220 3555 terrac
1242 3508 1386 3571 segmen-

213 3601 281 3659 tum
296 3595 424 3661 efficere
439 3593 687 3676 millesimam⁷⁹)
702 3599 812 3660 terrae
828 3595 970 3661 ambitus
984 3601 1121 3680 partem,
1135 3601 1245 3662 terrae
1260 3597 1388 3662 radium

302 3826 334 3894 π)
354 3825 503 3890 Schmekel,
518 3825 570 3880 Die
580 3824 754 3892 Philosophia
768 3807 815 3879 der
824 3825 964 3880 mittieren
977 3825 1050 3880 Stoa.
1074 3827 1162 3880 Bcrol.
1174 3826 1251 3892 1891,
1264 3842 1327 3894 pag.
1337 3827 1390 3880 282

214 3903 275 3957 adn.
290 3905 334 4053 8718)
353 3985 471 4039 Hultscb
489 3986 518 4055 (l.
533 3986 566 4054 c.)
582 4002 644 4055 pag.
661 3986 692 4039 11
708 4001 766 4053 sqq.

302 4064 335 4133 a)
353 4064 386 4117 In
405 4064 492 4118 forma
510 4066 675 4134 geometrica
693 4082 755 4135 pag.
770 4067 805 4120 42
825 4066 962 4134 descripta
980 4066 1049 4120 fiunt
1068 4067 1146 4120 haec:

338 4145 362 4198 A
373 4145 395 4197 B
405 4169 441 4191 =
451 4145 490 4198 sol
508 4146 553 4200 vel
572 4152 743 4215 segmentum
763 4147 820 4201 eius
840 4146 943 4215 circuli,
953 4171 989 4192 =
999 4146 1130 4202 loono-c
1139 4147 1172 4200 D.

337 4224 621 4315 CD=segmentum
644 4230 733 4281 terrae
756 4228 851 4280 umbra
875 4227 1078 4293 carens‚.cuius
1101 4227 1245 4282 dimetiens
1264 4228 1316 4281 300
1335 4234 1391 4282 sta·

336 4385 362 4439 Μ
372 4385 395 4440 n
405 4385 440 4446 l
449 4306 523 4450 Ἥ
535 4311 598 4455 eegr)
618 4387 675 4439 ME
688 4387 813 4452 spatium,
829 4387 900 4454 quod
915 4387 954 4442 sol
969 4388 1056 4442 distat
1070 4404 1087 4441 a
1099 4393 1189 4441 torrae
1204 4393 1304 4442 centro.
1337 4387 1390 4441 Sed

533 4466 583 4518 hoc
602 4465 722 4534 spatium
741 4467 801 4520 ΜΕ
821 4469 893 4535 apud
912 4468 1085 4522 Posidonium
1104 4467 1176 4522 idem
1199 4468 1291 4522 valere
1308 4474 1391 4535 atque
