3425 5192
806 427 1028 489 ..22-

330 607 403 671 dam
428 603 669 685 conspiciantur
693 608 791 682 atque
815 603 1038 683 observentur,
1071 619 1111 665 ex
1144 602 1287 666 veritate
1318 620 1390 666 esse
1422 601 1505 667 iudi-

331 713 448 795 canda,
481 730 545 776 uon
577 730 618 776 ex
651 709 813 793 opinione,
842 714 877 773 et
914 709 1080 788 opinatam
1113 708 1369 788 magnitudinem
1407 713 1506 788 atque

300 882 301 885 ,
330 819 522 884 distantiam
545 837 608 882 non
632 835 702 882 esse
735 817 913 898 putandam
946 833 1066 897 veram,
1099 833 1211 881 veram
1242 833 1307 880 non
1331 815 1507 896 opinatam.

330 926 480 1014 Ceterum
503 923 610 989 omnia
633 942 717 1004 quae
741 941 781 988 er
803 922 980 1005 longinquo
1004 920 1253 1004 conspiciantur,
1282 922 1424 1002 conspici
1447 923 1505 987 mi-

329 1051 410 1096 nora
434 1037 468 1096 01
492 1031 590 1096 aliter
612 1030 760 1097 formata.
1318 1018 1321 1021 ’

419 1138 483 1202 Hic
507 1136 643 1218 explicit
665 1137 755 1219 prior
778 1136 879 1202 totius
894 1135 1093 1216 quaestionis
1107 1153 1197 1215 pars.
1234 1135 1327 1216 Quae
1340 1136 1507 1216 hucusque

329 1245 512 1328 generatim
536 1248 635 1324 atque
659 1244 811 1308 universe
843 1249 922 1308 sunt
952 1243 1091 1325 prolata,
1124 1243 1342 1323 explanantur
1374 1242 1506 1308 uberius

330 1371 368 1417 ac
395 1351 499 1417 fusius
528 1351 562 1416 in
589 1350 630 1415 iis
658 1369 741 1430 quae
769 1355 959 1430 sequuntur.
1005 1349 1058 1413 Ac
1086 1349 1247 1430 primum
1275 1350 1425 1429 quidem
1453 1352 1507 1414 de-

329 1462 490 1524 monstrat
522 1457 707 1522 Cleomedes
741 1457 840 1522 solem
874 1475 937 1521 non
971 1474 1042 1522 esse
1073 1456 1230 1536 pedalem.
1285 1455 1377 1537 Quod
1410 1475 1506 1536 quam

329 1583 442 1634 verum
479 1565 522 1630 sit
554 1563 709 1628 facillime
741 1582 834 1644 posse
867 1563 1016 1645 intellegi
1053 1581 1093 1628 ex
1125 1563 1301 1629 velocitate
1334 1582 1399 1645 qua
1431 1582 1507 1628 usus

330 1671 456 1736 oriatur
479 1671 539 1753 sol;
573 1690 613 1736 ex
645 1670 836 1736 incitatione
870 1689 934 1750 qua
957 1670 1006 1735 sol
1028 1668 1156 1734 feratur
1178 1670 1227 1734 ita
1250 1676 1288 1734 ut
1310 1688 1373 1736 uno
1398 1670 1450 1735 die
1473 1677 1508 1735 et

330 1797 396 1844 una
420 1782 516 1843 nocte
539 1782 711 1859 percurrat
738 1778 876 1857 caelum,
909 1795 949 1842 ex
981 1776 1194 1858 hydrologiis3
1226 1795 1267 1841 ex
1290 1795 1327 1842 00
1352 1779 1436 1856 quod
1459 1779 1508 1843 sol

330 1903 440 1950 omnes
462 1885 590 1965 plateas
615 1885 657 1950 ad
679 1883 785 1964 ipsum
800 1902 974 1949 conversas
988 1883 1220 1963 aequinoctiali
1240 1888 1386 1964 tempore
1400 1884 1508 1950 oriens

330 1992 465 2057 umbrae
501 1993 619 2056 reddat
658 1996 821 2074 01001100,
869 1991 1008 2055 medium
1050 1997 1160 2055 autem
1196 1991 1321 2055 caelum
1357 1991 1508 2058 obtinens

331 2098 507 2163 collustret.

419 2205 568 2270 Deinde
601 2204 681 2270 dicit
712 2204 768 2270 ille
800 2205 900 2269 solem
931 2222 995 2268 non
1028 2206 1123 2268 rnodo‘
1152 2223 1216 2269 000
1248 2223 1319 2270 esse
1350 2206 1507 2288 pedalem,

331 2330 443 2378 verum
468 2311 566 2377 etiam
590 2311 847 2394 magnitudinem
870 2312 993 2376 habere
1015 2311 1191 2393 ingentem.
1236 2315 1345 2392 Atque
1369 2313 1508 2394 exempli

332 2437 430 2484 causa
453 2423 562 2483 monet
586 2437 658 2483 cum
682 2418 729 2483 sol
753 2417 880 2484 oriatur
902 2418 956 2484 vel
979 2417 1105 2484 occidat
1138 2418 1231 2483 iuxta
1263 2419 1382 2484 montis
1406 2420 1507 2485 verti·

331 2544 408 2608 cem,
433 2526 475 2590 ab
499 2525 539 2590 iis
564 2525 619 2604 qui
642 2525 813 2607 longiusa
844 2525 969 2590 vertice
998 2526 1121 2589 distent
1153 2518 1296 2607 conspici
1328 2527 1508 2608 marginem

333 2633 402 2696 eius
426 2632 467 2697 ab
492 2637 632 2711 utraque
654 2637 750 2712 parte
773 2630 916 2698 verticis
964 2631 1056 2713 Quod
1079 2632 1113 2696 in
1136 2632 1177 2697 iis
1209 2652 1293 2712 quae
1326 2640 1508 2714 appareant

332 2737 550 2805 animadverti
574 2738 673 2802 etiam
695 2737 730 2802 in
753 2738 903 2803 maximis
935 2737 1058 2822 insulis,
1092 2757 1163 2803 cum
1186 2757 1204 2804 e
1227 2738 1358 2806 sublimi
1381 2739 1450 2805 loco
1475 2749 1509 2804 et

333 2864 374 2910 ex
396 2864 514 2928 magno
538 2845 712 2911 intervallo
735 2845 984 2926 prospiciantrn.

421 2952 545 3034 Quibus
579 2951 675 3017 dictis
707 2952 829 3017 transit
860 2953 1044 3017 Cleomedes
1077 2954 1119 3017 ad
1143 2953 1220 3018 solis
1252 2953 1508 3036 magnitudinem

331 3059 474 3125 numeris
498 3059 824 3125 circumscribendam
848 3078 888 3124 ac
910 3059 1133 3124 definiendam.
1171 3060 1243 3142 Qua
1266 3062 1299 3125 in
1314 3080 1350 3125 10
1364 3061 1508 3126 rationes

330 3167 467 3246 viasque
487 3165 671 3249 ingreditur
686 3169 775 3250 duas,
798 3185 933 3246 quarum
950 3167 1056 3231 altera
1071 3166 1218 3231 acumine
1232 3169 1370 3247 quodam
1384 3168 1509 3251 ingenii

331 3278 382 3338 est
405 3272 600 3356 excogitata,
625 3273 732 3337 altera
755 3273 919 3338 levissime
942 3273 1081 3337 fundata
1105 3282 1204 3352 atque
1224 3279 1400 3357 exstructa,
1425 3275 1509 3354 quod

331 3379 459 3458 quidem
484 3379 624 3459 scriptor
647 3379 717 3459 ipsc
741 3379 872 3444 disertis
895 3379 1006 3446 verbis
1027 3381 1208 3445 confitetur.
1246 3380 1309 3445 Sed
1324 3381 1510 3462 paulopost

331 3484 514 3552 revolvitur
536 3485 592 3550 1110
616 3487 658 3550 ad
681 3485 847 3568 ingentem
872 3487 949 3551 solis
973 3486 1229 3569 magnitudinem
1252 3493 1287 3552 et
1311 3487 1401 3572 iram,
1426 3507 1510 3568 quae

330 3591 363 3656 in
388 3591 612 3657 ratiocinando
636 3593 733 3659 valde
747 3598 938 3676 recesserat,
963 3593 1098 3659 effundit
1114 3594 1267 3659 maiorem
1282 3595 1317 3660 in
1330 3595 1510 3676 Epicureos

332 3717 506 3779 eorumque
530 3699 719 3784 doctrinam,
743 3719 815 3764 cum
838 3699 989 3782 ingentes
1012 3700 1088 3765 solis
1112 3702 1199 3767 vires
1214 3702 1346 3766 summis
1360 3703 1509 3782 pulcher-

331 3807 486 3886 rimisque
509 3806 660 3872 laudibus
685 3807 778 3872 effert
801 3812 901 3886 atque
925 3809 1100 3888 praedicat.

421 3913 519 3979 Cuius
552 3915 678 3979 ardoris
711 3918 809 3994 atque
834 3914 1059 3980 admirationis
1083 3915 1220 3979 maxime
1245 3922 1321 3980 sunt
1345 3916 1510 3981 contraria

333 4039 372 4085 ea
404 4039 487 4100 quae
520 4021 641 4086 tertio
674 4022 756 4086 loco
789 4026 978 4104 sequuntur,
1003 4040 1086 4100 quae
1110 4020 1243 4085 tertiam
1266 4021 1336 4087 iere
1359 4023 1511 4088 obtinent

333 4131 460 4208 partem
492 4127 593 4192 totius
626 4127 866 4208 disputationis.
911 4129 1043 4209 Pugnat
1066 4127 1205 4208 scriptor
1228 4129 1511 4195 vehementissime

333 4239 431 4313 atque
455 4233 649 4317 gravissime
672 4254 742 4299 cum
758 4235 901 4316 Epicuro
925 4235 1058 4314 eiusque
1082 4234 1228 4299 adseclis
1275 4235 1359 4317 Quid
1383 4236 1511 4320 mirum,

333 4341 361 4405 si
393 4340 603 4406 refutationis
636 4341 784 4424 integrae
818 4351 917 4422 atque
949 4341 1512 4422 1000110010010010001010000

333 4447 509 4530 vestigium
545 4448 704 4529 apparet?
750 4449 903 4529 Erumpit
934 4448 990 4514 ille
1022 4449 1222 4514 stomachum
1250 4455 1349 4530 atque
1381 4449 1512 4515 iracun-
