3425 5192
817 433 1039 496 ..68-

342 610 370 680 6)
388 609 548 666 Δ111.2141).
576 609 673 662 ἄτοπον
687 608 826 677 ἡγούμενοι
840 616 909 665 τοῖς
926 605 984 674 μὲν
997 607 1085 665 θεοῖς
1099 607 1234 672 πέμπειν
1246 607 1326 659 κατὰ
1339 606 1374 660 τά
1384 606 1515 676 πάτρια,

448 699 560 757 αύτοῖς
578 697 612 752 δέ
629 705 783 766 χορηγεῖν
801 697 881 750 κατὰ
900 697 933 749 τὰ
953 696 1136 751 ἐπείσακτα.

343 797 370 866 7)
388 797 454 851 Ath.
473 797 550 851 5501).
589 796 746 863 μισούμενος
768 794 816 862 μὲν
838 794 890 848 ύπὸ
913 801 966 848 τῶν
988 794 1087 864 ὄχλων,
1110 793 1320 861 κολακευόμενος
1340 795 1365 848 δ’
1389 794 1441 848 ύπὸ
1464 801 1517 849 τῶν

446 886 506 954 περὶ
524 885 611 938 αὐτόν.

341 984 369 1053 8)
387 983 458 1038 1111.
477 985 555 1038 0400.
583 981 679 1052 ἦττον
696 981 753 1050 μὲν
771 983 926 1051 εὔχυμον,
944 981 1052 1048 εὐώδη
1071 980 1105 1034 δὲ
1121 982 1249 1049 μᾶλλον.

259 1147 260 1150 ¹
341 1081 370 1151 9)
388 1080 421 1135 D.
441 1082 474 1152 V,
494 1082 573 1150 26,3
601 1082 644 1135 διὰ
661 1080 709 1148 μέν
731 1088 784 1134 τῶν
802 1081 915 1134 πλωτῶν
932 1087 1059 1147 ποταμῶν
1080 1080 1192 1150 πλοίοις,
1217 1081 1261 1134 διὰ
1283 1079 1313 1134 δὲ
1330 1088 1375 1150 τῆς
1392 1081 1517 1140 πεδιάδος

447 1171 539 1239 χώρας
558 1171 669 1238 άμάξαις
688 1173 841 1239 κομίζοντες
859 1170 904 1224 τόν
920 1169 998 1224 οἶνον.

343 1259 386 1329 10)
404 1260 438 1315 D.
457 1260 490 1329 V,
510 1261 552 1330 28,
573 1261 589 1314 3
615 1261 647 1313 τὰ
669 1259 699 1313 δὲ
721 1260 804 1328 γένεια
826 1259 892 1318 τινὲς
913 1258 962 1327 μέν
984 1262 1123 1330 ξυρῶνται,
1146 1258 1211 1318 τινὲς
1230 1259 1260 1314 δέ
1276 1262 1390 1329 μετρίως
1407 1261 1516 1330 ὑποτρέ-

447 1363 552 1417 φουσιν·
583 1350 610 1402 οί
630 1349 654 1402 δ’
674 1349 789 1418 εὐγενεῖς
812 1348 857 1408 τὰς
879 1348 928 1416 μέν
953 1349 1061 1416 παρειὰς
1083 1349 1279 1414 ἀπολεαίνουοι,
1301 1350 1346 1408 τὰς
1373 1350 1397 1404 δ’
1417 1349 1517 1419 ὑπήνας

447 1437 580 1506 ἀνειμένας
598 1438 686 1492 ἐῶσιν.

344 1527 388 1597 11)
406 1527 440 1582 D.
459 1527 493 1592 V,
512 1527 560 1592 28,
585 1528 600 1582 3
634 1528 724 1595 διόπερ
753 1527 898 1581 ἐσθιόντων
923 1526 973 1597 μὲν
1000 1527 1088 1581 αὐτῶν
1115 1527 1285 1594 ἐμπλέκονται
1313 1536 1368 1587 ταῖς
1395 1535 1515 1599 τροφαῖς,

445 1618 576 1670 πινόντων
594 1615 624 1669 δὲ
641 1617 787 1683 καθαπερεί
806 1617 849 1670 διά
868 1637 936 1676 τινος
954 1617 1044 1685 ἡθμοῦ
1063 1617 1169 1685 φέρεται
1188 1618 1217 1670 τό
1234 1619 1314 1685 πόμα.

343 1689 387 1776 12)
406 1705 439 1760 D.
459 1705 492 1776 V,
512 1707 592 1776 28,4
619 1707 751 1760 δειπνοῦσι
775 1705 804 1759 δέ
826 1706 974 1775 καθήμενοι
996 1705 1091 1765 πάντες
1115 1707 1165 1760 ούκ
1188 1707 1230 1760 ἐπί
1252 1708 1372 1777 θρόνων,
1396 1707 1450 1761 ἀλλ’
1474 1707 1517 1761 ἐπί
1615 1689 1618 1694 .

446 1814 491 1862 της
509 1815 627 1862 γης....

342 1883 386 1954 13)
403 1883 438 1936 D.
452 1884 486 1947 V,
501 1884 543 1948 30,
558 1885 576 1938 4
602 1885 633 1938 τὰ
650 1883 698 1951 μὲν
716 1885 764 1953 γὰρ
783 1887 849 1953 ξίφη
863 1892 917 1938 τῶν
933 1885 996 1952 παρ’
1011 1885 1107 1953 έτέροις
1126 1888 1240 1940 σαυνίων
1258 1886 1322 1940 είσίν
1340 1886 1391 1940 οὐκ
1410 1885 1516 1957 ἐλάττω,

447 1973 478 2025 τὰ
497 1971 526 2026 δέ
545 1976 638 2027 σαυνία
657 1975 702 2033 τὰς
720 1973 808 2042 ἀκμὰς
827 1975 880 2043 ἔχει
899 1981 952 2028 τῶν
970 1977 1059 2042 ξιφῶν
1075 1977 1190 2042 μείζους.

344 2070 388 2141 14)
407 2072 444 2127 Ι).
465 2071 499 2142 V,
518 2073 564 2144 31,
583 2074 600 2126 1
628 2071 671 2125 ἐπ’
692 2073 827 2140 αὐξήσει
844 2073 903 2141 μὲν
921 2074 1056 2141 ἑαυτῶν,
1074 2074 1210 2141 μειώσει
1229 2074 1263 2128 δὲ
1281 2082 1343 2128 τῶν
1360 2075 1472 2128 ἄλλων.

342 2169 386 2239 15)
405 2171 442 2225 l).
461 2170 496 2241 V,
516 2172 563 2239 31,
583 2171 600 2226 2
628 2172 683 2230 οὓς
701 2171 758 2239 μὲν
776 2172 944 2243 ὑμνοῦσιν,
964 2174 1019 2231 οὓς
1038 2172 1072 2226 δὲ
1089 2173 1330 2242 βλασφημοῦσι.

342 2266 386 2337 16)
403 2268 438 2323 D.
457 2267 495 2338 V,
519 2269 566 2338 33,
590 2270 607 2324 3
644 2270 789 2331 ὁπλίζονται
813 2270 844 2323 δέ
873 2291 938 2328 τινες
965 2277 1019 2324 τῶν
1040 2271 1212 2341 Κελτιβήρων
1233 2273 1387 2331 Γαλατικοῖς
1410 2273 1516 2339 θυρεοῖς

447 2357 570 2426 κούφοις,
590 2357 655 2417 τινὲς
674 2359 703 2412 δέ
725 2361 843 2426 κυρτίαις
861 2361 1046 2427 κυκλοτερέσιν
1068 2360 1188 2416 ἀσπίδων
1209 2362 1331 2431 ἐχούσαις
1354 2362 1385 2415 τά
1406 2362 1516 2430 μεγέθη,

446 2447 493 2499 καί
512 2447 573 2515 περὶ
591 2449 636 2506 τὰς
655 2449 758 2517 κνήμας
781 2451 896 2517 τριχίνας
918 2450 1014 2503 εἰλοῦσι
1037 2453 1177 2518 κνημῖδας,
1198 2452 1259 2519 περὶ
1282 2451 1311 2504 δέ
1333 2451 1378 2510 τὰς
1396 2451 1517 2519 κεφαλὰς

448 2535 534 2604 κράνη
553 2538 642 2605 χαλκᾶ
659 2539 832 2606 περιτίθενται
850 2547 982 2606 φοινικοῖς
1000 2539 1137 2607 ἠσκημένα
1155 2541 1257 2609 λόφοις.

342 2623 387 2693 17)
405 2623 439 2676 Ι).
453 2624 487 2688 V,
501 2626 573 2694 34,1
603 2633 655 2685 τοῖς
674 2627 698 2679 δ’
713 2627 790 2694 ἤθεσι
802 2626 869 2694 πρὸς
887 2626 936 2694 μέν
954 2627 1014 2687 τούς
1032 2629 1199 2698 κακούργους
1217 2629 1263 2682 καί
1274 2630 1415 2697 πολεμίους
1433 2628 1516 2697 ύπάρ-

446 2733 540 2782 χουσιν
558 2713 635 2784 ὠμοί,
654 2715 720 2782 πρός
739 2715 768 2771 δέ
786 2715 846 2774 τούς
869 2717 960 2779 ξένους
977 2718 1098 2776 ἐπιεικεῖς
1116 2717 1162 2771 καί
1180 2718 1373 2787 φιλάνθρωποι.

281 2855 287 2867 f
344 2809 387 2880 18)
406 2812 443 2866 Ι).
462 2810 498 2882 V,
517 2813 599 2884 34,2
626 2821 737 2882 τροφαῖς
761 2813 790 2867 δὲ
807 2822 923 2883 χρῶνται
946 2816 1039 2882 κρέασι
1066 2817 1239 2876 παντοδαποῖς
1262 2817 1308 2871 καί
1326 2817 1447 2886 δαψιλέσι
1469 2817 1516 2870 καί

445 2900 603 2966 οἰνομέλιτος
616 2903 720 2973 πόματι,
739 2905 946 2974 χορηγούσης
960 2904 1015 2973 τὴς
1028 2905 1138 2974 χώρας
1153 2905 1186 2958 τό
1197 2906 1255 2973 μὲν
1267 2907 1338 2975 μέλι
1349 2907 1516 2976 παμπληθές,

445 2989 498 3042 τόν
517 2991 541 3043 δ’
560 2990 648 3045 οἶνον
665 2994 737 3059 παρὰ
756 3000 809 3046 τῶν
827 2993 1001 3048 ἐπιπλεόντων
1018 2995 1143 3073 ἐμπόρων
1161 2995 1349 3063 ὠνούμεναι.

342 3086 385 3158 19)
403 3088 440 3142 D.
459 3088 494 3158 V,
513 3090 559 3160 38,
579 3091 596 3143 3
621 3091 700 3143 δεινοί
725 3091 786 3160 γάρ,
813 3092 851 3150 ῶς
877 3092 973 3161 ἔοικεν,
1001 3094 1122 3162 ἐπῆρξαν
1145 3095 1172 3146 οί
1197 3096 1316 3153 Φοίνικες
1340 3095 1371 3147 ἐκ
1396 3097 1516 3150 παλαιῶν

445 3178 551 3244 χρόνων
569 3179 606 3237 είς
624 3179 653 3232 τό
672 3179 766 3247 κέρδος
784 3181 878 3250 εὑρεῖν,
905 3183 933 3234 οί
949 3181 973 3235 δ’
992 3183 1043 3236 άπὸ
1062 3191 1108 3251 τῆς
1123 3183 1232 3242 Ἰταλίας
1250 3185 1287 3243 είς
1306 3185 1334 3238 τὸ
1351 3184 1444 3253 μηδενί
1462 3191 1516 3239 τῶν

446 3266 533 3320 ἄλλων
551 3269 707 3323 καταλιπεῖν.

340 3353 386 3422 20)
404 3355 441 3410 Ι).
470 3357 610 3428 XXXIV,
634 3357 666 3428 2,
692 3359 726 3412 27
767 3359 889 3427 τροφὰς
916 3360 973 3427 μὲν
1002 3360 1044 3430 μὴ
1076 3363 1242 3430 παρέχειν,
1271 3363 1454 3431 ἐπιτρέπειν
1482 3363 1516 3416 δέ

446 3444 622 3511 λῃστεύειν.

340 3531 386 3603 21)
405 3532 465 3589 Gal.
485 3534 546 3598 371,
566 3535 582 3588 8
601 3551 640 3602 sq.
672 3543 731 3595 πῶς
748 3537 835 3604 μέντοι
854 3559 883 3607 γε
901 3540 1055 3608 κινηθείσης
1073 3540 1120 3592 καί
1138 3547 1196 3600 πῶς
1214 3542 1347 3613 κινούσης,
1372 3544 1515 3609 ζητεῖται

445 3622 514 3691 μέν,
534 3623 591 3692 οὐχ
610 3624 842 3680 ύποδείκνυται
862 3628 902 3682 δέ,
1414 3627 1417 3633 ’

340 3719 385 3791 22)
406 3719 473 3775 Gal.
493 3722 561 3791 374,
585 3724 617 3777 11
638 3738 684 3792 sq.
721 3725 746 3777 εί
765 3723 814 3792 μέν
837 3725 870 3794 δὴ
894 3726 941 3795 τὴν
963 3729 1076 3796 καρδίαν
1098 3728 1272 3796 οαλευόμενος
1295 3729 1380 3788 οὕτως
1398 3729 1449 3782 ύπὸ
1467 3737 1515 3783 τοῦ

442 3801 535 3879 φόβου
558 3811 661 3879 πάρεισι
685 3814 946 3887 συμβουλευσόμενος
962 3855 1021 3872 ....
1045 3817 1070 3869 εί
1091 3815 1121 3870 δέ
1137 3817 1233 3885 μηκέτι
1252 3819 1432 3888 φοβούμενος,
1450 3818 1515 3873 ἀνα-

446 3900 588 3978 νεούμενος,
604 3900 634 3953 δὲ
652 3901 682 3954 τὰ
700 3903 728 3955 έν
747 3911 784 3971 τῷ
804 3905 884 3974 φόβῳ
899 3947 905 3958 ,
920 3948 925 3959 .
940 3946 969 3960 ..

339 3997 385 4068 23)
405 3997 471 4054 Gal.
491 3999 555 4069 453,
576 4000 610 4052 10
627 4013 672 4066 sq.
706 4009 743 4068 τῷ
761 4000 877 4071 μὲνγὰρ
896 4002 983 4071 ἀλόγῳ
1002 4003 1045 4056 διὰ
1063 4011 1116 4057 τῶν
1134 4004 1236 4073 ἀλόγων
1254 4007 1272 4074 ἤ
1290 4025 1317 4057 τε
1335 4005 1451 4073 ὠφέλεια
1468 4007 1516 4060 καὶ

446 4087 463 4154 ή
481 4087 577 4157 βλάβη,
597 4095 634 4154 τῷ
653 4088 752 4156 λογικῷ
771 4089 799 4142 δὲ
818 4089 861 4144 διὰ
880 4091 1023 4160 ἐπιστήμης
1041 4094 1088 4146 καί
1106 4093 1230 4161 ἀμαθίας.

340 4183 386 4254 24)
405 4183 455 4239 Pl.
475 4185 512 4239 de
530 4185 589 4240 111).
604 4185 636 4240 et
649 4201 736 4254 αυξτ.
750 4203 777 4243 ο.
791 4188 844 4244 VI.
870 4189 906 4244 Ὅ
923 4189 952 4257 γέ
969 4210 1007 4242 τοι
1026 4192 1205 4250 Ποσειδώνιος
1223 4191 1258 4245 τὰ
1275 4191 1333 4259 μὲν
1350 4191 1432 4248 είναι
1451 4214 1515 4262 ψυ-

445 4273 536 4344 χικά,
559 4273 645 4327 τὰδὲ
670 4278 852 4346 σωματικά,
873 4277 927 4331 καί
945 4278 1056 4347 τὰμὲν
1074 4280 1111 4334 ού
1134 4290 1243 4350 ψυχῆς
1260 4282 1334 4349 περὶ
1352 4281 1462 4351 ψυχήν
1481 4282 1516 4336 δέ

445 4363 627 4430 σωματικά,
646 4364 681 4418 τὰ
700 4365 724 4417 δ’
743 4365 779 4419 ού
798 4366 947 4434 σώματος
965 4369 1037 4436 περὶ
1056 4377 1148 4437 σῶμα
1167 4369 1201 4424 δέ
1218 4370 1353 4439 φυχικά·
1385 4373 1516 4441 φυχικὰ

445 4451 583 4510 δ’άπλῶς
601 4452 631 4505 τά
651 4452 678 4505 ἐν
696 4456 797 4522 κρίσεσι
816 4456 863 4510 καί
881 4457 1053 4529 ύπολήφεσιν,
1077 4459 1133 4512 οἷον
1150 4458 1291 4527 ἐπιθυμίας
1309 4460 1393 4528 λέγων
1410 4462 1516 4531 φόβους
