<?xml version="1.0" encoding="UTF-8"?>
<!DOCTYPE html PUBLIC "-//W3C//DTD XHTML 1.0 Transitional//EN"
    "http://www.w3.org/TR/xhtml1/DTD/xhtml1-transitional.dtd">
<html xmlns="http://www.w3.org/1999/xhtml" xml:lang="en" lang="en">
 <head>
  <title>
</title>
<meta http-equiv="Content-Type" content="text/html;charset=utf-8" />
  <meta name='ocr-system' content='tesseract 3.04.00' />
  <meta name='ocr-capabilities' content='ocr_page ocr_carea ocr_par ocr_line ocrx_word'/>
</head>
<body>
  <div class='ocr_page' id='page_1' title='image "./qvaestionesposi00arnogoog_0012.png"; bbox 0 0 3425 5192; ppageno 0'>
   <div class='ocr_carea' id='block_1_1' title="bbox 790 423 1011 485">
    <p class='ocr_par' dir='ltr' id='par_1_1' title="bbox 790 423 1011 485">
     <span class='ocr_line' id='line_1_1' title="bbox 790 423 1011 485; baseline -0.005 -20"><span class='ocrx_word' id='word_1_1' title='bbox 790 423 1011 485; x_wconf 67' lang='lat'>-10-</span> 
     </span>
    </p>
   </div>
   <div class='ocr_carea' id='block_1_2' title="bbox 314 597 1497 3140">
    <p class='ocr_par' dir='ltr' id='par_1_2' title="bbox 314 597 1492 1431">
     <span class='ocr_line' id='line_1_2' title="bbox 403 597 1489 682; baseline -0.003 -17"><span class='ocrx_word' id='word_1_2' title='bbox 403 600 496 682; x_wconf 77' lang='lat' dir='ltr'>Quod</span> <span class='ocrx_word' id='word_1_3' title='bbox 525 618 606 668; x_wconf 86' lang='lat' dir='ltr'>vero</span> <span class='ocrx_word' id='word_1_4' title='bbox 644 599 839 680; x_wconf 85' lang='lat' dir='ltr'>permultum</span> <span class='ocrx_word' id='word_1_5' title='bbox 871 598 963 665; x_wconf 86' lang='lat' dir='ltr'>valet</span> <span class='ocrx_word' id='word_1_6' title='bbox 993 599 1036 662; x_wconf 83' lang='lat' dir='ltr'>ad</span> <span class='ocrx_word' id='word_1_7' title='bbox 1068 597 1282 663; x_wconf 86' lang='lat' dir='ltr'>definiendam</span> <span class='ocrx_word' id='word_1_8' title='bbox 1310 597 1489 662; x_wconf 86' lang='lat' dir='ltr'>Cleomedis</span> 
     </span>
     <span class='ocr_line' id='line_1_3' title="bbox 315 704 1490 792; baseline -0.003 -20"><span class='ocrx_word' id='word_1_9' title='bbox 315 711 466 792; x_wconf 80' lang='lat' dir='ltr'>oetatem,</span> <span class='ocrx_word' id='word_1_10' title='bbox 499 709 585 788; x_wconf 90' lang='lat' dir='ltr'>quod</span> <span class='ocrx_word' id='word_1_11' title='bbox 616 707 681 771; x_wconf 86' lang='lat' dir='ltr'>iam</span> <span class='ocrx_word' id='word_1_12' title='bbox 705 705 902 770; x_wconf 82' lang='lat' dir='ltr'>Letronniue</span> <span class='ocrx_word' id='word_1_13' title='bbox 926 704 958 788; x_wconf 92' lang='lat' dir='ltr'>(l.</span> <span class='ocrx_word' id='word_1_14' title='bbox 984 705 1021 789; x_wconf 87' lang='lat' dir='ltr'>c.)</span> <span class='ocrx_word' id='word_1_15' title='bbox 1046 711 1080 769; x_wconf 91' lang='lat' dir='ltr'>et</span> <span class='ocrx_word' id='word_1_16' title='bbox 1111 710 1185 786; x_wconf 85' lang='lat' dir='ltr'>post</span> <span class='ocrx_word' id='word_1_17' title='bbox 1218 723 1290 770; x_wconf 88' lang='lat' dir='ltr'>eum</span> <span class='ocrx_word' id='word_1_18' title='bbox 1320 705 1490 787; x_wconf 86' lang='lat' dir='ltr'>Zieglerus</span> 
     </span>
     <span class='ocr_line' id='line_1_4' title="bbox 315 811 1491 898; baseline -0.003 -19"><span class='ocrx_word' id='word_1_19' title='bbox 315 815 346 897; x_wconf 79' lang='lat'>(1.</span> <span class='ocrx_word' id='word_1_20' title='bbox 363 815 401 898; x_wconf 77' lang='lat' dir='ltr'>c.)</span> <span class='ocrx_word' id='word_1_21' title='bbox 422 821 512 879; x_wconf 87' lang='lat' dir='ltr'>recte</span> <span class='ocrx_word' id='word_1_22' title='bbox 536 817 737 897; x_wconf 86' lang='lat' dir='ltr'>monuerunt,</span> <span class='ocrx_word' id='word_1_23' title='bbox 762 819 812 878; x_wconf 86' lang='lat' dir='ltr'>est</span> <span class='ocrx_word' id='word_1_24' title='bbox 835 812 924 877; x_wconf 84' lang='lat' dir='ltr'>locus</span> <span class='ocrx_word' id='word_1_25' title='bbox 948 811 1079 892; x_wconf 82' lang='lat' dir='ltr'>orridam</span> <span class='ocrx_word' id='word_1_26' title='bbox 1102 812 1204 892; x_wconf 87' lang='lat' dir='ltr'>ipsius</span> <span class='ocrx_word' id='word_1_27' title='bbox 1228 813 1354 891; x_wconf 90' lang='lat' dir='ltr'>dequo</span> <span class='ocrx_word' id='word_1_28' title='bbox 1379 811 1491 894; x_wconf 82' lang='lat' dir='ltr'>agitur</span> 
     </span>
     <span class='ocr_line' id='line_1_5' title="bbox 314 919 1490 1002; baseline -0.002 -16"><span class='ocrx_word' id='word_1_29' title='bbox 314 921 426 986; x_wconf 82' lang='lat' dir='ltr'><strong>libelli.</strong></span> <span class='ocrx_word' id='word_1_30' title='bbox 473 921 535 985; x_wconf 81' lang='lat' dir='ltr'>Est</span> <span class='ocrx_word' id='word_1_31' title='bbox 549 921 604 986; x_wconf 89' lang='lat' dir='ltr'>ille</span> <span class='ocrx_word' id='word_1_32' title='bbox 618 922 658 985; x_wconf 90' lang='lat' dir='ltr'>de</span> <span class='ocrx_word' id='word_1_33' title='bbox 673 920 897 1002; x_wconf 79' lang='lat' dir='ltr'>magnitudine</span> <span class='ocrx_word' id='word_1_34' title='bbox 912 924 1021 984; x_wconf 83' lang='lat' dir='ltr'>terroe</span> <span class='ocrx_word' id='word_1_35' title='bbox 1042 937 1125 998; x_wconf 85' lang='lat' dir='ltr'>quae</span> <span class='ocrx_word' id='word_1_36' title='bbox 1148 921 1191 984; x_wconf 83' lang='lat' dir='ltr'>ed</span> <span class='ocrx_word' id='word_1_37' title='bbox 1214 919 1338 984; x_wconf 84' lang='lat' dir='ltr'>caelum</span> <span class='ocrx_word' id='word_1_38' title='bbox 1361 919 1490 984; x_wconf 82' lang='lat' dir='ltr'>stellas·</span> 
     </span>
     <span class='ocr_line' id='line_1_6' title="bbox 315 1025 1492 1108; baseline -0.002 -16"><span class='ocrx_word' id='word_1_39' title='bbox 315 1047 377 1108; x_wconf 83' lang='lat' dir='ltr'>que</span> <span class='ocrx_word' id='word_1_40' title='bbox 400 1027 482 1093; x_wconf 80' lang='lat' dir='ltr'><strong>fixas</strong></span> <span class='ocrx_word' id='word_1_41' title='bbox 506 1029 619 1108; x_wconf 86' lang='lat' dir='ltr'>puncti</span> <span class='ocrx_word' id='word_1_42' title='bbox 642 1029 685 1092; x_wconf 85' lang='lat' dir='ltr'>sit</span> <span class='ocrx_word' id='word_1_43' title='bbox 708 1027 822 1092; x_wconf 87' lang='lat' dir='ltr'>instar.</span> <span class='ocrx_word' id='word_1_44' title='bbox 869 1027 980 1106; x_wconf 80' lang='lat' dir='ltr'><strong>Atque</strong></span> <span class='ocrx_word' id='word_1_45' title='bbox 1003 1025 1142 1107; x_wconf 84' lang='lat' dir='ltr'>exempli</span> <span class='ocrx_word' id='word_1_46' title='bbox 1165 1044 1266 1091; x_wconf 84' lang='lat' dir='ltr'>causa</span> <span class='ocrx_word' id='word_1_47' title='bbox 1280 1025 1492 1106; x_wconf 78' lang='lat' dir='ltr'>proferuntur</span> 
     </span>
     <span class='ocr_line' id='line_1_7' title="bbox 316 1133 1492 1214; baseline -0.001 -16"><span class='ocrx_word' id='word_1_48' title='bbox 316 1137 399 1200; x_wconf 82' lang='lat' dir='ltr'>duae</span> <span class='ocrx_word' id='word_1_49' title='bbox 431 1136 547 1200; x_wconf 79' lang='lat' dir='ltr'>stellae</span> <span class='ocrx_word' id='word_1_50' title='bbox 579 1135 663 1199; x_wconf 86' lang='lat' dir='ltr'>fixae</span> <span class='ocrx_word' id='word_1_51' title='bbox 695 1153 779 1214; x_wconf 85' lang='lat' dir='ltr'>quae</span> <span class='ocrx_word' id='word_1_52' title='bbox 811 1151 1005 1214; x_wconf 83' lang='lat' dir='ltr'>quemquam</span> <span class='ocrx_word' id='word_1_53' title='bbox 1029 1133 1093 1197; x_wconf 86' lang='lat' dir='ltr'>sibi</span> <span class='ocrx_word' id='word_1_54' title='bbox 1115 1138 1192 1198; x_wconf 90' lang='lat' dir='ltr'>sunt</span> <span class='ocrx_word' id='word_1_55' title='bbox 1215 1152 1274 1214; x_wconf 85' lang='lat' dir='ltr'>per</span> <span class='ocrx_word' id='word_1_56' title='bbox 1297 1133 1492 1198; x_wconf 81' lang='lat' dir='ltr'><strong>diametrum</strong></span> 
     </span>
     <span class='ocr_line' id='line_1_8' title="bbox 316 1239 1492 1324; baseline -0.002 -18"><span class='ocrx_word' id='word_1_57' title='bbox 316 1239 493 1324; x_wconf 83' lang='lat' dir='ltr'>oppositae,</span> <span class='ocrx_word' id='word_1_58' title='bbox 518 1260 643 1322; x_wconf 82' lang='lat' dir='ltr'>semper</span> <span class='ocrx_word' id='word_1_59' title='bbox 667 1242 778 1306; x_wconf 88' lang='lat' dir='ltr'>eodem</span> <span class='ocrx_word' id='word_1_60' title='bbox 801 1244 947 1320; x_wconf 87' lang='lat' dir='ltr'>tempore</span> <span class='ocrx_word' id='word_1_61' title='bbox 968 1239 1211 1320; x_wconf 83' lang='lat' dir='ltr'>conspiciuntur</span> <span class='ocrx_word' id='word_1_62' title='bbox 1225 1241 1268 1304; x_wconf 83' lang='lat' dir='ltr'>ad</span> <span class='ocrx_word' id='word_1_63' title='bbox 1282 1239 1492 1322; x_wconf 83' lang='lat' dir='ltr'>horizontem,</span> 
     </span>
     <span class='ocr_line' id='line_1_9' title="bbox 316 1347 828 1431; baseline -0.002 -18"><span class='ocrx_word' id='word_1_64' title='bbox 316 1349 401 1413; x_wconf 77' lang='lat' dir='ltr'>alter</span> <span class='ocrx_word' id='word_1_65' title='bbox 425 1347 538 1431; x_wconf 85' lang='lat' dir='ltr'>oriens,</span> <span class='ocrx_word' id='word_1_66' title='bbox 563 1349 648 1413; x_wconf 85' lang='lat' dir='ltr'>alter</span> <span class='ocrx_word' id='word_1_67' title='bbox 672 1347 828 1414; x_wconf 81' lang='lat' dir='ltr'>occidere.</span> 
     </span>
    </p>

    <p class='ocr_par' dir='ltr' id='par_1_3' title="bbox 318 1452 1492 1646">
     <span class='ocr_line' id='line_1_10' title="bbox 405 1452 1492 1538; baseline -0.002 -19"><span class='ocrx_word' id='word_1_68' title='bbox 405 1457 482 1520; x_wconf 82' lang='lat' dir='ltr'>Jam</span> <span class='ocrx_word' id='word_1_69' title='bbox 504 1455 662 1520; x_wconf 83' lang='lat' dir='ltr'>faciemus</span> <span class='ocrx_word' id='word_1_70' title='bbox 687 1461 852 1520; x_wconf 85' lang='lat' dir='ltr'>auctorem</span> <span class='ocrx_word' id='word_1_71' title='bbox 875 1454 977 1535; x_wconf 83' lang='lat' dir='ltr'>ipsius</span> <span class='ocrx_word' id='word_1_72' title='bbox 1000 1454 1111 1521; x_wconf 84' lang='lat' dir='ltr'>verbis</span> <span class='ocrx_word' id='word_1_73' title='bbox 1133 1456 1319 1534; x_wconf 86' lang='lat' dir='ltr'>loquentem</span> <span class='ocrx_word' id='word_1_74' title='bbox 1343 1452 1397 1538; x_wconf 77' lang='lat' dir='ltr'>(ct.</span> <span class='ocrx_word' id='word_1_75' title='bbox 1419 1455 1492 1537; x_wconf 81' lang='lat'>106,</span> 
     </span>
     <span class='ocr_line' id='line_1_11' title="bbox 318 1562 573 1646; baseline 0.004 -20"><span class='ocrx_word' id='word_1_76' title='bbox 318 1562 573 1646; x_wconf 77' lang='lat'>28-108,12):</span> 
     </span>
    </p>

    <p class='ocr_par' dir='ltr' id='par_1_4' title="bbox 359 1668 1496 2927">
     <span class='ocr_line' id='line_1_12' title="bbox 423 1668 1493 1752; baseline -0.003 -20"><span class='ocrx_word' id='word_1_77' title='bbox 423 1671 490 1733; x_wconf 84' lang='grc' dir='ltr'>Δύο</span> <span class='ocrx_word' id='word_1_78' title='bbox 514 1671 589 1733; x_wconf 85' lang='grc' dir='ltr'><strong><em>εἰσὶν</em></strong></span> <span class='ocrx_word' id='word_1_79' title='bbox 613 1671 746 1752; x_wconf 82' lang='grc' dir='ltr'><em>ἀστέρες,</em></span> <span class='ocrx_word' id='word_1_80' title='bbox 770 1670 824 1731; x_wconf 89' lang='grc' dir='ltr'>καὶ</span> <span class='ocrx_word' id='word_1_81' title='bbox 846 1669 903 1750; x_wconf 84' lang='grc' dir='ltr'>τὴν</span> <span class='ocrx_word' id='word_1_82' title='bbox 925 1669 1027 1750; x_wconf 86' lang='grc' dir='ltr'><strong><em>χρόαν</em></strong></span> <span class='ocrx_word' id='word_1_83' title='bbox 1049 1669 1103 1732; x_wconf 83' lang='grc' dir='ltr'>καὶ</span> <span class='ocrx_word' id='word_1_84' title='bbox 1125 1669 1162 1731; x_wconf 89' lang='grc' dir='ltr'>τὰ</span> <span class='ocrx_word' id='word_1_85' title='bbox 1184 1669 1306 1750; x_wconf 84' lang='grc' dir='ltr'><strong><em>μεγέθη</em></strong></span> <span class='ocrx_word' id='word_1_86' title='bbox 1325 1668 1493 1750; x_wconf 83' lang='grc' dir='ltr'><strong><em>παραπλή-</em></strong></span> 
     </span>
     <span class='ocr_line' id='line_1_13' title="bbox 362 1775 1494 1858; baseline -0.003 -18"><span class='ocrx_word' id='word_1_87' title='bbox 362 1801 430 1848; x_wconf 81' lang='grc' dir='ltr'><strong><em>σιοι,</em></strong></span> <span class='ocrx_word' id='word_1_88' title='bbox 465 1777 703 1858; x_wconf 80' lang='grc' dir='ltr'><strong><em>διαμετροῦντες</em></strong></span> <span class='ocrx_word' id='word_1_89' title='bbox 735 1776 894 1858; x_wconf 77' lang='grc' dir='ltr'><strong><em>ἀλλήλοις·</em></strong></span> <span class='ocrx_word' id='word_1_90' title='bbox 928 1777 947 1838; x_wconf 84' lang='grc' dir='ltr'>ὁ</span> <span class='ocrx_word' id='word_1_91' title='bbox 976 1776 1035 1857; x_wconf 79' lang='grc' dir='ltr'>μὲν</span> <span class='ocrx_word' id='word_1_92' title='bbox 1063 1775 1124 1858; x_wconf 83' lang='grc' dir='ltr'>γάρ</span> <span class='ocrx_word' id='word_1_93' title='bbox 1148 1782 1204 1838; x_wconf 92' lang='grc' dir='ltr'>τοῦ</span> <span class='ocrx_word' id='word_1_94' title='bbox 1228 1776 1391 1857; x_wconf 84' lang='grc' dir='ltr'><strong><em>σκορπίου,</em></strong></span> <span class='ocrx_word' id='word_1_95' title='bbox 1416 1776 1435 1837; x_wconf 85' lang='grc' dir='ltr'>ὁ</span> <span class='ocrx_word' id='word_1_96' title='bbox 1458 1775 1494 1837; x_wconf 84' lang='grc' dir='ltr'>δὲ</span> 
     </span>
     <span class='ocr_line' id='line_1_14' title="bbox 361 1883 1494 1968; baseline 0 -22"><span class='ocrx_word' id='word_1_97' title='bbox 361 1889 417 1946; x_wconf 91' lang='grc' dir='ltr'>τοῦ</span> <span class='ocrx_word' id='word_1_98' title='bbox 440 1883 559 1964; x_wconf 81' lang='grc' dir='ltr'><strong><em>ταύρου</em></strong></span> <span class='ocrx_word' id='word_1_99' title='bbox 582 1883 639 1964; x_wconf 79' lang='grc' dir='ltr'>τὴν</span> <span class='ocrx_word' id='word_1_100' title='bbox 661 1883 941 1964; x_wconf 81' lang='grc' dir='ltr'><strong><em>πεντεκαιδεκάτην</em></strong></span> <span class='ocrx_word' id='word_1_101' title='bbox 964 1884 1067 1964; x_wconf 88' lang='grc' dir='ltr'><strong><em>ε’πέχει</em></strong></span> <span class='ocrx_word' id='word_1_102' title='bbox 1088 1889 1214 1964; x_wconf 81' lang='grc' dir='ltr'><strong><em>μοῖραν,</em></strong></span> <span class='ocrx_word' id='word_1_103' title='bbox 1237 1883 1336 1968; x_wconf 84' lang='grc' dir='ltr'><strong><em>μέρος</em></strong></span> <span class='ocrx_word' id='word_1_104' title='bbox 1359 1884 1407 1945; x_wconf 84' lang='grc' dir='ltr'>ὢν</span> <span class='ocrx_word' id='word_1_105' title='bbox 1429 1887 1494 1946; x_wconf 86' lang='grc' dir='ltr'>τῶν</span> 
     </span>
     <span class='ocr_line' id='line_1_15' title="bbox 359 1988 1495 2072; baseline 0.001 -21"><span class='ocrx_word' id='word_1_106' title='bbox 359 1989 495 2052; x_wconf 76' lang='grc' dir='ltr'><strong><em>Ὑάδων.</em></strong></span> <span class='ocrx_word' id='word_1_107' title='bbox 551 1988 645 2054; x_wconf 84' lang='grc' dir='ltr'><strong><em>Οὗτοι</em></strong></span> <span class='ocrx_word' id='word_1_108' title='bbox 661 1998 724 2071; x_wconf 79' lang='grc' dir='ltr'>τῷ</span> <span class='ocrx_word' id='word_1_109' title='bbox 749 1990 834 2072; x_wconf 81' lang='grc' dir='ltr'><strong><em>Ἄρει</em></strong></span> <span class='ocrx_word' id='word_1_110' title='bbox 866 1989 922 2070; x_wconf 84' lang='grc' dir='ltr'>τὴν</span> <span class='ocrx_word' id='word_1_111' title='bbox 954 1991 1056 2071; x_wconf 87' lang='grc' dir='ltr'><strong><em>χρόαν</em></strong></span> <span class='ocrx_word' id='word_1_112' title='bbox 1088 1991 1196 2071; x_wconf 88' lang='grc' dir='ltr'><strong><em>ὅμοιοί</em></strong></span> <span class='ocrx_word' id='word_1_113' title='bbox 1216 1991 1291 2052; x_wconf 81' lang='grc' dir='ltr'><strong><em>εἰσιν</em></strong></span> <span class='ocrx_word' id='word_1_114' title='bbox 1314 1991 1346 2052; x_wconf 83' lang='grc' dir='ltr'>αἱ</span> <span class='ocrx_word' id='word_1_115' title='bbox 1368 1991 1495 2071; x_wconf 87' lang='grc' dir='ltr'><strong><em>ἀστέρες</em></strong></span> 
     </span>
     <span class='ocr_line' id='line_1_16' title="bbox 361 2097 1495 2179; baseline 0 -20"><span class='ocrx_word' id='word_1_116' title='bbox 361 2098 415 2160; x_wconf 82' lang='grc' dir='ltr'>καί</span> <span class='ocrx_word' id='word_1_117' title='bbox 448 2098 495 2160; x_wconf 83' lang='grc' dir='ltr'>ἀεὶ</span> <span class='ocrx_word' id='word_1_118' title='bbox 526 2097 605 2160; x_wconf 84' lang='grc' dir='ltr'><strong><em>κατὰ</em></strong></span> <span class='ocrx_word' id='word_1_119' title='bbox 639 2097 751 2160; x_wconf 89' lang='grc' dir='ltr'><strong><em>ταῦτδν</em></strong></span> <span class='ocrx_word' id='word_1_120' title='bbox 783 2098 833 2160; x_wconf 83' lang='grc' dir='ltr'>ἐπὶ</span> <span class='ocrx_word' id='word_1_121' title='bbox 860 2103 916 2159; x_wconf 90' lang='grc' dir='ltr'>τοῦ</span> <span class='ocrx_word' id='word_1_122' title='bbox 949 2098 1110 2178; x_wconf 80' lang='grc' dir='ltr'><strong><em>ὁρίζοντος</em></strong></span> <span class='ocrx_word' id='word_1_123' title='bbox 1147 2098 1361 2179; x_wconf 73' lang='grc' dir='ltr'><strong><em>θεωροῦνται,</em></strong></span> <span class='ocrx_word' id='word_1_124' title='bbox 1393 2097 1412 2160; x_wconf 88' lang='grc' dir='ltr'>ὁ</span> <span class='ocrx_word' id='word_1_125' title='bbox 1434 2097 1495 2178; x_wconf 82' lang='grc' dir='ltr'>μὲν</span> 
     </span>
     <span class='ocr_line' id='line_1_17' title="bbox 362 2202 1495 2286; baseline -0.001 -20"><span class='ocrx_word' id='word_1_126' title='bbox 362 2205 508 2286; x_wconf 84' lang='grc' dir='ltr'><strong><em>ἀνίσχων,</em></strong></span> <span class='ocrx_word' id='word_1_127' title='bbox 534 2205 552 2266; x_wconf 86' lang='grc' dir='ltr'>ὁ</span> <span class='ocrx_word' id='word_1_128' title='bbox 577 2204 611 2266; x_wconf 82' lang='grc' dir='ltr'>δὲ</span> <span class='ocrx_word' id='word_1_129' title='bbox 626 2203 874 2285; x_wconf 88' lang='grc' dir='ltr'><strong><em>καταδυόμενος.</em></strong></span> <span class='ocrx_word' id='word_1_130' title='bbox 906 2202 1008 2284; x_wconf 84' lang='grc' dir='ltr'><strong><em>Ὅπερ</em></strong></span> <span class='ocrx_word' id='word_1_131' title='bbox 1023 2205 1082 2266; x_wconf 86' lang='grc' dir='ltr'>οὐκ</span> <span class='ocrx_word' id='word_1_132' title='bbox 1098 2206 1137 2265; x_wconf 87' lang='grc' dir='ltr'>ἂν</span> <span class='ocrx_word' id='word_1_133' title='bbox 1151 2205 1341 2285; x_wconf 79' lang='grc' dir='ltr'><strong><em>συνέβαινεν,</em></strong></span> <span class='ocrx_word' id='word_1_134' title='bbox 1365 2205 1394 2279; x_wconf 72' lang='grc' dir='ltr'>εἰ</span> <span class='ocrx_word' id='word_1_135' title='bbox 1406 2205 1495 2286; x_wconf 83' lang='grc' dir='ltr'><strong><em>μέρει</em></strong></span> 
     </span>
     <span class='ocr_line' id='line_1_18' title="bbox 362 2309 1495 2393; baseline 0 -21"><span class='ocrx_word' id='word_1_136' title='bbox 362 2311 418 2373; x_wconf 83' lang='grc' dir='ltr'><strong><em>τινί</em></strong></span> <span class='ocrx_word' id='word_1_137' title='bbox 445 2317 501 2373; x_wconf 92' lang='grc' dir='ltr'>τοῦ</span> <span class='ocrx_word' id='word_1_138' title='bbox 532 2311 693 2393; x_wconf 79' lang='grc' dir='ltr'><strong><em>ζῳδιακοῦ</em></strong></span> <span class='ocrx_word' id='word_1_139' title='bbox 722 2311 757 2373; x_wconf 87' lang='grc' dir='ltr'>τὸ</span> <span class='ocrx_word' id='word_1_140' title='bbox 784 2311 890 2393; x_wconf 88' lang='grc' dir='ltr'><strong><em>βάθος</em></strong></span> <span class='ocrx_word' id='word_1_141' title='bbox 917 2317 972 2392; x_wconf 82' lang='grc' dir='ltr'>τῆς</span> <span class='ocrx_word' id='word_1_142' title='bbox 1000 2317 1057 2392; x_wconf 81' lang='grc' dir='ltr'>γῆς</span> <span class='ocrx_word' id='word_1_143' title='bbox 1080 2311 1284 2391; x_wconf 84' lang='grc' dir='ltr'><strong><em>ε’πιπροσθεῖν</em></strong></span> <span class='ocrx_word' id='word_1_144' title='bbox 1308 2311 1376 2374; x_wconf 84' lang='grc' dir='ltr'><strong><em>οἷόν</em></strong></span> <span class='ocrx_word' id='word_1_145' title='bbox 1398 2311 1420 2372; x_wconf 83' lang='grc' dir='ltr'>τ’</span> <span class='ocrx_word' id='word_1_146' title='bbox 1445 2309 1495 2392; x_wconf 79' lang='grc' dir='ltr'>ἦν.</span> 
     </span>
     <span class='ocr_line' id='line_1_19' title="bbox 362 2417 1495 2499; baseline 0.002 -21"><span class='ocrx_word' id='word_1_147' title='bbox 362 2417 451 2480; x_wconf 89' lang='grc' dir='ltr'><strong><em>Κατὰ</em></strong></span> <span class='ocrx_word' id='word_1_148' title='bbox 475 2417 588 2481; x_wconf 86' lang='grc' dir='ltr'><strong><em>τοῦτὸν</em></strong></span> <span class='ocrx_word' id='word_1_149' title='bbox 612 2417 672 2498; x_wconf 80' lang='grc' dir='ltr'>γὰρ</span> <span class='ocrx_word' id='word_1_150' title='bbox 695 2424 751 2480; x_wconf 94' lang='grc' dir='ltr'>τοῦ</span> <span class='ocrx_word' id='word_1_151' title='bbox 774 2418 834 2499; x_wconf 87' lang='grc' dir='ltr'>μὲν</span> <span class='ocrx_word' id='word_1_152' title='bbox 857 2417 1087 2498; x_wconf 80' lang='grc' dir='ltr'><strong><em>ἀνατέλλοντος,</em></strong></span> <span class='ocrx_word' id='word_1_153' title='bbox 1114 2424 1170 2480; x_wconf 93' lang='grc' dir='ltr'>τοῦ</span> <span class='ocrx_word' id='word_1_154' title='bbox 1195 2417 1230 2479; x_wconf 82' lang='grc' dir='ltr'>δὲ</span> <span class='ocrx_word' id='word_1_155' title='bbox 1252 2417 1495 2489; x_wconf 83' lang='grc' dir='ltr'><strong><em>καταδύνοντος,</em></strong></span> 
     </span>
     <span class='ocr_line' id='line_1_20' title="bbox 362 2524 1495 2607; baseline 0.001 -21"><span class='ocrx_word' id='word_1_156' title='bbox 362 2525 604 2607; x_wconf 79' lang='grc' dir='ltr'><strong><em>προελάμβανεν</em></strong></span> <span class='ocrx_word' id='word_1_157' title='bbox 619 2526 658 2588; x_wconf 85' lang='grc' dir='ltr'>ἄν</span> <span class='ocrx_word' id='word_1_158' title='bbox 672 2527 691 2606; x_wconf 83' lang='grc' dir='ltr'><em>ἡ</em></span> <span class='ocrx_word' id='word_1_159' title='bbox 707 2531 762 2587; x_wconf 93' lang='grc' dir='ltr'>τοῦ</span> <span class='ocrx_word' id='word_1_160' title='bbox 786 2525 1006 2594; x_wconf 81' lang='grc' dir='ltr'><strong><em>ἀνατέλλοντος</em></strong></span> <span class='ocrx_word' id='word_1_161' title='bbox 1031 2525 1119 2594; x_wconf 85' lang='grc' dir='ltr'><strong><em>δύσις</em></strong></span> <span class='ocrx_word' id='word_1_162' title='bbox 1141 2524 1197 2606; x_wconf 82' lang='grc' dir='ltr'>τὴν</span> <span class='ocrx_word' id='word_1_163' title='bbox 1219 2530 1275 2588; x_wconf 92' lang='grc' dir='ltr'>τοῦ</span> <span class='ocrx_word' id='word_1_164' title='bbox 1298 2525 1495 2587; x_wconf 89' lang='grc' dir='ltr'><strong><em>καταδύνον-</em></strong></span> 
     </span>
     <span class='ocr_line' id='line_1_21' title="bbox 362 2629 1493 2713; baseline 0 -19"><span class='ocrx_word' id='word_1_165' title='bbox 362 2656 415 2701; x_wconf 91' lang='grc' dir='ltr'>τος</span> <span class='ocrx_word' id='word_1_166' title='bbox 438 2631 593 2713; x_wconf 80' lang='grc' dir='ltr'><strong><em>ἀνατολὴν</em></strong></span> <span class='ocrx_word' id='word_1_167' title='bbox 616 2632 707 2694; x_wconf 82' lang='grc' dir='ltr'><strong><em>παντὶ</em></strong></span> <span class='ocrx_word' id='word_1_168' title='bbox 729 2641 775 2712; x_wconf 76' lang='grc' dir='ltr'>τῷ</span> <span class='ocrx_word' id='word_1_169' title='bbox 797 2631 916 2713; x_wconf 86' lang='grc' dir='ltr'><strong><em>χρόνῳ,</em></strong></span> <span class='ocrx_word' id='word_1_170' title='bbox 941 2629 1020 2712; x_wconf 80' lang='grc' dir='ltr'>ᾦτδ</span> <span class='ocrx_word' id='word_1_171' title='bbox 1035 2632 1336 2713; x_wconf 83' lang='grc' dir='ltr'><strong><em>ε’πατροσθούμενον</em></strong></span> <span class='ocrx_word' id='word_1_172' title='bbox 1359 2631 1422 2694; x_wconf 89' lang='grc' dir='ltr'>ῦπδ</span> <span class='ocrx_word' id='word_1_173' title='bbox 1437 2638 1493 2694; x_wconf 94' lang='grc' dir='ltr'>τοῦ</span> 
     </span>
     <span class='ocr_line' id='line_1_22' title="bbox 363 2738 1496 2822; baseline -0.001 -21"><span class='ocrx_word' id='word_1_174' title='bbox 363 2740 489 2820; x_wconf 90' lang='grc' dir='ltr'><strong><em>βάθους</em></strong></span> <span class='ocrx_word' id='word_1_175' title='bbox 511 2747 565 2822; x_wconf 83' lang='grc' dir='ltr'>τῆς</span> <span class='ocrx_word' id='word_1_176' title='bbox 589 2746 646 2821; x_wconf 85' lang='grc' dir='ltr'>γῆς</span> <span class='ocrx_word' id='word_1_177' title='bbox 668 2741 767 2821; x_wconf 89' lang='grc' dir='ltr'><strong><em>μέρος</em></strong></span> <span class='ocrx_word' id='word_1_178' title='bbox 789 2745 844 2801; x_wconf 90' lang='grc' dir='ltr'>τοῦ</span> <span class='ocrx_word' id='word_1_179' title='bbox 869 2740 1010 2819; x_wconf 83' lang='grc' dir='ltr'><strong><em>οὐρανοῦ</em></strong></span> <span class='ocrx_word' id='word_1_180' title='bbox 1034 2740 1207 2820; x_wconf 85' lang='grc' dir='ltr'><strong><em>ἀναγκαῖον</em></strong></span> <span class='ocrx_word' id='word_1_181' title='bbox 1231 2738 1270 2820; x_wconf 82' lang='grc' dir='ltr'>ἦν</span> <span class='ocrx_word' id='word_1_182' title='bbox 1295 2739 1383 2820; x_wconf 79' lang='grc' dir='ltr'><strong><em>αὐτῷ</em></strong></span> <span class='ocrx_word' id='word_1_183' title='bbox 1406 2738 1496 2801; x_wconf 84' lang='grc' dir='ltr'><strong><em>ἀνεί-</em></strong></span> 
     </span>
     <span class='ocr_line' id='line_1_23' title="bbox 364 2847 963 2927; baseline 0.002 -18"><span class='ocrx_word' id='word_1_184' title='bbox 364 2847 453 2910; x_wconf 90' lang='grc' dir='ltr'><strong><em>θάντι</em></strong></span> <span class='ocrx_word' id='word_1_185' title='bbox 478 2847 526 2908; x_wconf 81' lang='grc' dir='ltr'>ἐπὶ</span> <span class='ocrx_word' id='word_1_186' title='bbox 548 2853 605 2909; x_wconf 93' lang='grc' dir='ltr'>τοῦ</span> <span class='ocrx_word' id='word_1_187' title='bbox 629 2847 790 2926; x_wconf 83' lang='grc' dir='ltr'><strong><em>ὁρίζοντος</em></strong></span> <span class='ocrx_word' id='word_1_188' title='bbox 813 2847 963 2927; x_wconf 81' lang='grc' dir='ltr'><strong><em>ὀφθῆναι.</em></strong></span> 
     </span>
    </p>

    <p class='ocr_par' dir='ltr' id='par_1_5' title="bbox 321 2952 1497 3140">
     <span class='ocr_line' id='line_1_24' title="bbox 408 2952 1496 3035; baseline -0.001 -18"><span class='ocrx_word' id='word_1_189' title='bbox 408 2952 499 3035; x_wconf 80' lang='lat' dir='ltr'>Quae</span> <span class='ocrx_word' id='word_1_190' title='bbox 531 2953 635 3021; x_wconf 86' lang='lat' dir='ltr'>verba</span> <span class='ocrx_word' id='word_1_191' title='bbox 657 2954 720 3018; x_wconf 90' lang='lat' dir='ltr'>huc</span> <span class='ocrx_word' id='word_1_192' title='bbox 743 2953 894 3017; x_wconf 90' lang='lat' dir='ltr'>redeunt:</span> <span class='ocrx_word' id='word_1_193' title='bbox 926 2952 1028 3033; x_wconf 85' lang='lat' dir='ltr'>ipsius</span> <span class='ocrx_word' id='word_1_194' title='bbox 1052 2952 1194 3017; x_wconf 85' lang='lat' dir='ltr'>auctoris</span> <span class='ocrx_word' id='word_1_195' title='bbox 1218 2957 1328 3018; x_wconf 84' lang='lat' dir='ltr'>aetate</span> <span class='ocrx_word' id='word_1_196' title='bbox 1352 2953 1496 3017; x_wconf 80' lang='lat' dir='ltr'>Antores</span> 
     </span>
     <span class='ocr_line' id='line_1_25' title="bbox 321 3058 1497 3140; baseline -0.001 -15"><span class='ocrx_word' id='word_1_197' title='bbox 321 3067 354 3125; x_wconf 93' lang='lat' dir='ltr'>et</span> <span class='ocrx_word' id='word_1_198' title='bbox 377 3061 605 3125; x_wconf 82' lang='lat' dir='ltr'>Aldebaranus</span> <span class='ocrx_word' id='word_1_199' title='bbox 630 3099 671 3108; x_wconf 82' lang='lat'>—</span> <span class='ocrx_word' id='word_1_200' title='bbox 696 3059 743 3124; x_wconf 86' lang='lat' dir='ltr'>sic</span> <span class='ocrx_word' id='word_1_201' title='bbox 767 3058 851 3124; x_wconf 91' lang='lat' dir='ltr'>enim</span> <span class='ocrx_word' id='word_1_202' title='bbox 875 3059 1083 3140; x_wconf 84' lang='lat' dir='ltr'>appellentur</span> <span class='ocrx_word' id='word_1_203' title='bbox 1106 3058 1289 3139; x_wconf 86' lang='lat' dir='ltr'>antiquitus</span> <span class='ocrx_word' id='word_1_204' title='bbox 1313 3061 1396 3124; x_wconf 83' lang='lat' dir='ltr'>duee</span> <span class='ocrx_word' id='word_1_205' title='bbox 1419 3059 1497 3124; x_wconf 86' lang='lat' dir='ltr'>illae</span> 
     </span>
    </p>
   </div>
   <div class='ocr_carea' id='block_1_3' title="bbox 321 3253 1503 4523">
    <p class='ocr_par' dir='ltr' id='par_1_6' title="bbox 321 3253 1499 3481">
     <span class='ocr_line' id='line_1_26' title="bbox 410 3253 1497 3323; baseline 0 -17"><span class='ocrx_word' id='word_1_206' title='bbox 410 3254 554 3323; x_wconf 74' lang='lat' dir='ltr'>Leimone,</span> <span class='ocrx_word' id='word_1_207' title='bbox 575 3255 666 3307; x_wconf 82' lang='lat' dir='ltr'>OEuvr.</span> <span class='ocrx_word' id='word_1_208' title='bbox 684 3255 767 3310; x_wconf 85' lang='lat' dir='ltr'>chois.</span> <span class='ocrx_word' id='word_1_209' title='bbox 787 3272 811 3321; x_wconf 85' lang='lat' dir='ltr'>p.</span> <span class='ocrx_word' id='word_1_210' title='bbox 825 3271 850 3322; x_wconf 86' lang='lat' dir='ltr'>p.</span> <span class='ocrx_word' id='word_1_211' title='bbox 866 3255 988 3321; x_wconf 83' lang='lat' dir='ltr'>Fagnnn.</span> <span class='ocrx_word' id='word_1_212' title='bbox 1016 3254 1075 3307; x_wconf 82' lang='lat' dir='ltr'>Vol.</span> <span class='ocrx_word' id='word_1_213' title='bbox 1089 3253 1153 3318; x_wconf 87' lang='lat'><strong>11,1</strong></span> <span class='ocrx_word' id='word_1_214' title='bbox 1172 3254 1244 3322; x_wconf 85' lang='lat' dir='ltr'>(Per.</span> <span class='ocrx_word' id='word_1_215' title='bbox 1261 3253 1349 3322; x_wconf 80' lang='lat'>1883),</span> <span class='ocrx_word' id='word_1_216' title='bbox 1362 3269 1425 3322; x_wconf 78' lang='lat' dir='ltr'><strong>pag.</strong></span> <span class='ocrx_word' id='word_1_217' title='bbox 1436 3253 1497 3306; x_wconf 82' lang='lat'>250.</span> 
     </span>
     <span class='ocr_line' id='line_1_27' title="bbox 321 3333 1499 3400; baseline -0.001 -13"><span class='ocrx_word' id='word_1_218' title='bbox 321 3334 355 3387; x_wconf 90' lang='lat' dir='ltr'>In</span> <span class='ocrx_word' id='word_1_219' title='bbox 374 3334 521 3400; x_wconf 86' lang='lat' dir='ltr'>posteriore</span> <span class='ocrx_word' id='word_1_220' title='bbox 540 3334 597 3387; x_wconf 91' lang='lat' dir='ltr'>loco</span> <span class='ocrx_word' id='word_1_221' title='bbox 616 3350 669 3386; x_wconf 88' lang='lat' dir='ltr'>non</span> <span class='ocrx_word' id='word_1_222' title='bbox 688 3335 776 3386; x_wconf 88' lang='lat' dir='ltr'>minus</span> <span class='ocrx_word' id='word_1_223' title='bbox 795 3335 849 3387; x_wconf 86' lang='lat' dir='ltr'>tria</span> <span class='ocrx_word' id='word_1_224' title='bbox 862 3335 956 3388; x_wconf 90' lang='lat' dir='ltr'>insunt</span> <span class='ocrx_word' id='word_1_225' title='bbox 968 3335 1066 3387; x_wconf 84' lang='lat' dir='ltr'>menda</span> <span class='ocrx_word' id='word_1_226' title='bbox 1080 3333 1182 3399; x_wconf 83' lang='lat' dir='ltr'>aliquid</span> <span class='ocrx_word' id='word_1_227' title='bbox 1195 3333 1337 3386; x_wconf 81' lang='lat' dir='ltr'>turbantia</span> <span class='ocrx_word' id='word_1_228' title='bbox 1352 3349 1420 3399; x_wconf 87' lang='lat' dir='ltr'>quae</span> <span class='ocrx_word' id='word_1_229' title='bbox 1432 3334 1499 3400; x_wconf 88' lang='lat' dir='ltr'>quin</span> 
     </span>
     <span class='ocr_line' id='line_1_28' title="bbox 322 3413 1297 3481; baseline -0.001 -14"><span class='ocrx_word' id='word_1_230' title='bbox 322 3414 416 3468; x_wconf 77' lang='lat' dir='ltr'>tollam</span> <span class='ocrx_word' id='word_1_231' title='bbox 436 3430 490 3467; x_wconf 90' lang='lat' dir='ltr'>non</span> <span class='ocrx_word' id='word_1_232' title='bbox 508 3413 735 3481; x_wconf 81' lang='lat' dir='ltr'>praetermittam.</span> <span class='ocrx_word' id='word_1_233' title='bbox 773 3415 918 3481; x_wconf 85' lang='lat' dir='ltr'>Leguntnr</span> <span class='ocrx_word' id='word_1_234' title='bbox 937 3414 1009 3467; x_wconf 90' lang='lat' dir='ltr'>enim</span> <span class='ocrx_word' id='word_1_235' title='bbox 1027 3417 1057 3467; x_wconf 90' lang='lat' dir='ltr'>in</span> <span class='ocrx_word' id='word_1_236' title='bbox 1075 3413 1122 3466; x_wconf 91' lang='lat' dir='ltr'>illo</span> <span class='ocrx_word' id='word_1_237' title='bbox 1141 3415 1199 3467; x_wconf 92' lang='lat' dir='ltr'>loco</span> <span class='ocrx_word' id='word_1_238' title='bbox 1218 3415 1297 3467; x_wconf 85' lang='lat' dir='ltr'>haec:</span> 
     </span>
    </p>

    <p class='ocr_par' dir='ltr' id='par_1_7' title="bbox 396 3493 1500 3803">
     <span class='ocr_line' id='line_1_29' title="bbox 431 3493 1499 3561; baseline 0.002 -15"><span class='ocrx_word' id='word_1_239' title='bbox 431 3494 557 3561; x_wconf 85' lang='lat' dir='ltr'>„Proolns</span> <span class='ocrx_word' id='word_1_240' title='bbox 577 3493 623 3560; x_wconf 89' lang='lat' dir='ltr'>qui</span> <span class='ocrx_word' id='word_1_241' title='bbox 642 3509 658 3546; x_wconf 85' lang='lat' dir='ltr'>a</span> <span class='ocrx_word' id='word_1_242' title='bbox 677 3497 800 3560; x_wconf 69' lang='lat' dir='ltr'>compone</span> <span class='ocrx_word' id='word_1_243' title='bbox 819 3510 856 3546; x_wconf 91' lang='lat' dir='ltr'>un</span> <span class='ocrx_word' id='word_1_244' title='bbox 875 3493 1072 3547; x_wconf 80' lang='lat' dir='ltr'>Commentaire</span> <span class='ocrx_word' id='word_1_245' title='bbox 1090 3511 1136 3547; x_wconf 83' lang='lat' dir='ltr'>sur</span> <span class='ocrx_word' id='word_1_246' title='bbox 1154 3494 1179 3548; x_wconf 90' lang='lat' dir='ltr'>le</span> <span class='ocrx_word' id='word_1_247' title='bbox 1195 3493 1249 3548; x_wconf 69' lang='lat' dir='ltr'>tvo</span> <span class='ocrx_word' id='word_1_248' title='bbox 1263 3495 1332 3548; x_wconf 88' lang='lat' dir='ltr'>livre</span> <span class='ocrx_word' id='word_1_249' title='bbox 1350 3493 1499 3561; x_wconf 81' lang='lat' dir='ltr'>d&#39;Euelide,</span> 
     </span>
     <span class='ocr_line' id='line_1_30' title="bbox 396 3573 1500 3642; baseline -0.001 -15"><span class='ocrx_word' id='word_1_250' title='bbox 396 3575 498 3642; x_wconf 81' lang='lat' dir='ltr'>„donne</span> <span class='ocrx_word' id='word_1_251' title='bbox 519 3590 571 3628; x_wconf 90' lang='lat' dir='ltr'>nne</span> <span class='ocrx_word' id='word_1_252' title='bbox 583 3574 648 3628; x_wconf 88' lang='lat' dir='ltr'>liste</span> <span class='ocrx_word' id='word_1_253' title='bbox 664 3575 710 3628; x_wconf 87' lang='lat' dir='ltr'>des</span> <span class='ocrx_word' id='word_1_254' title='bbox 727 3573 888 3642; x_wconf 82' lang='lat' dir='ltr'>principanx</span> <span class='ocrx_word' id='word_1_255' title='bbox 902 3575 1149 3642; x_wconf 78' lang='lat' dir='ltr'>mathematieiens3</span> <span class='ocrx_word' id='word_1_256' title='bbox 1169 3575 1189 3627; x_wconf 90' lang='lat' dir='ltr'>il</span> <span class='ocrx_word' id='word_1_257' title='bbox 1203 3575 1248 3641; x_wconf 80' lang='lat' dir='ltr'>n’y</span> <span class='ocrx_word' id='word_1_258' title='bbox 1261 3591 1277 3628; x_wconf 84' lang='lat' dir='ltr'>a</span> <span class='ocrx_word' id='word_1_259' title='bbox 1289 3575 1366 3640; x_wconf 91' lang='lat' dir='ltr'>point</span> <span class='ocrx_word' id='word_1_260' title='bbox 1385 3575 1500 3640; x_wconf 86' lang='lat' dir='ltr'>compris</span> 
     </span>
     <span class='ocr_line' id='line_1_31' title="bbox 396 3655 1498 3722; baseline 0 -15"><span class='ocrx_word' id='word_1_261' title='bbox 396 3655 505 3722; x_wconf 78' lang='lat' dir='ltr'>„Theon</span> <span class='ocrx_word' id='word_1_262' title='bbox 532 3656 564 3709; x_wconf 86' lang='lat' dir='ltr'>de</span> <span class='ocrx_word' id='word_1_263' title='bbox 590 3655 715 3722; x_wconf 86' lang='lat' dir='ltr'>Smyrne,</span> <span class='ocrx_word' id='word_1_264' title='bbox 746 3655 771 3708; x_wconf 89' lang='lat' dir='ltr'>le</span> <span class='ocrx_word' id='word_1_265' title='bbox 796 3656 857 3722; x_wconf 84' lang='lat' dir='ltr'>plus</span> <span class='ocrx_word' id='word_1_266' title='bbox 884 3655 988 3709; x_wconf 77' lang='lat' dir='ltr'>celebre</span> <span class='ocrx_word' id='word_1_267' title='bbox 1014 3657 1061 3709; x_wconf 86' lang='lat' dir='ltr'>des</span> <span class='ocrx_word' id='word_1_268' title='bbox 1088 3661 1316 3710; x_wconf 84' lang='lat' dir='ltr'>commentateurs</span> <span class='ocrx_word' id='word_1_269' title='bbox 1344 3655 1498 3709; x_wconf 82' lang='lat' dir='ltr'>d&#39;Euclide:</span> 
     </span>
     <span class='ocr_line' id='line_1_32' title="bbox 396 3735 1376 3803; baseline 0 -15"><span class='ocrx_word' id='word_1_270' title='bbox 396 3735 543 3803; x_wconf 81' lang='lat' dir='ltr'>„dire-ton</span> <span class='ocrx_word' id='word_1_271' title='bbox 562 3736 636 3788; x_wconf 83' lang='lat' dir='ltr'>aussi</span> <span class='ocrx_word' id='word_1_272' title='bbox 655 3751 706 3802; x_wconf 88' lang='lat' dir='ltr'>que</span> <span class='ocrx_word' id='word_1_273' title='bbox 726 3735 819 3788; x_wconf 75' lang='lat' dir='ltr'>Theou</span> <span class='ocrx_word' id='word_1_274' title='bbox 839 3736 872 3789; x_wconf 91' lang='lat' dir='ltr'>de</span> <span class='ocrx_word' id='word_1_275' title='bbox 892 3736 1004 3802; x_wconf 81' lang='lat' dir='ltr'>Smyrne</span> <span class='ocrx_word' id='word_1_276' title='bbox 1023 3736 1111 3788; x_wconf 83' lang='lat' dir='ltr'>vivait</span> <span class='ocrx_word' id='word_1_277' title='bbox 1129 3741 1213 3788; x_wconf 82' lang='lat' dir='ltr'>avant</span> <span class='ocrx_word' id='word_1_278' title='bbox 1231 3735 1376 3789; x_wconf 82' lang='lat' dir='ltr'>Proclus?“</span> 
     </span>
    </p>

    <p class='ocr_par' dir='ltr' id='par_1_8' title="bbox 322 3815 1503 4523">
     <span class='ocr_line' id='line_1_33' title="bbox 412 3815 1501 3883; baseline -0.002 -13"><span class='ocrx_word' id='word_1_279' title='bbox 412 3816 464 3870; x_wconf 85' lang='lat' dir='ltr'>Sed</span> <span class='ocrx_word' id='word_1_280' title='bbox 482 3817 592 3869; x_wconf 87' lang='lat' dir='ltr'>Proclus</span> <span class='ocrx_word' id='word_1_281' title='bbox 611 3816 832 3870; x_wconf 76' lang='lat' dir='ltr'>commentarium</span> <span class='ocrx_word' id='word_1_282' title='bbox 852 3816 969 3869; x_wconf 78' lang='lat' dir='ltr'>confecit</span> <span class='ocrx_word' id='word_1_283' title='bbox 987 3832 1041 3869; x_wconf 90' lang='lat' dir='ltr'>non</span> <span class='ocrx_word' id='word_1_284' title='bbox 1060 3817 1094 3868; x_wconf 84' lang='lat' dir='ltr'>ad</span> <span class='ocrx_word' id='word_1_285' title='bbox 1109 3821 1244 3883; x_wconf 82' lang='lat' dir='ltr'>quartum,</span> <span class='ocrx_word' id='word_1_286' title='bbox 1263 3815 1310 3868; x_wconf 89' lang='lat' dir='ltr'>sed</span> <span class='ocrx_word' id='word_1_287' title='bbox 1328 3817 1365 3868; x_wconf 85' lang='lat' dir='ltr'>ed</span> <span class='ocrx_word' id='word_1_288' title='bbox 1383 3815 1501 3883; x_wconf 88' lang='lat' dir='ltr'>primum</span> 
     </span>
     <span class='ocr_line' id='line_1_34' title="bbox 323 3895 1500 3962; baseline -0.002 -13"><span class='ocrx_word' id='word_1_289' title='bbox 323 3896 445 3950; x_wconf 85' lang='lat' dir='ltr'>Euclidis</span> <span class='ocrx_word' id='word_1_290' title='bbox 464 3896 665 3950; x_wconf 86' lang='lat' dir='ltr'>Elementorum</span> <span class='ocrx_word' id='word_1_291' title='bbox 684 3896 792 3950; x_wconf 90' lang='lat' dir='ltr'>librum.</span> <span class='ocrx_word' id='word_1_292' title='bbox 829 3896 934 3949; x_wconf 87' lang='lat' dir='ltr'>Deinde</span> <span class='ocrx_word' id='word_1_293' title='bbox 953 3912 1006 3949; x_wconf 88' lang='lat' dir='ltr'>non</span> <span class='ocrx_word' id='word_1_294' title='bbox 1030 3896 1104 3948; x_wconf 85' lang='lat' dir='ltr'>Theo</span> <span class='ocrx_word' id='word_1_295' title='bbox 1125 3896 1286 3962; x_wconf 79' lang='lat' dir='ltr'>Smyrnaeus</span> <span class='ocrx_word' id='word_1_296' title='bbox 1309 3895 1355 3960; x_wconf 90' lang='lat' dir='ltr'>qui</span> <span class='ocrx_word' id='word_1_297' title='bbox 1378 3895 1500 3948; x_wconf 88' lang='lat' dir='ltr'>libellum</span> 
     </span>
     <span class='ocr_line' id='line_1_35' title="bbox 323 3973 1502 4042; baseline -0.002 -12"><span class='ocrx_word' id='word_1_298' title='bbox 323 3982 431 4030; x_wconf 72' lang='lat' dir='ltr'>tantum</span> <span class='ocrx_word' id='word_1_299' title='bbox 450 3982 503 4026; x_wconf 85' lang='grc' dir='ltr'>τῶν</span> <span class='ocrx_word' id='word_1_300' title='bbox 521 3975 588 4028; x_wconf 85' lang='grc' dir='ltr'><strong><em>κατὰ</em></strong></span> <span class='ocrx_word' id='word_1_301' title='bbox 607 3976 635 4028; x_wconf 88' lang='grc' dir='ltr'>τὸ</span> <span class='ocrx_word' id='word_1_302' title='bbox 653 3975 839 4042; x_wconf 86' lang='grc' dir='ltr'><strong><em>μαθηματικὸν</em></strong></span> <span class='ocrx_word' id='word_1_303' title='bbox 856 3977 996 4042; x_wconf 83' lang='grc' dir='ltr'><strong><em>χρησίμων</em></strong></span> <span class='ocrx_word' id='word_1_304' title='bbox 1015 3976 1051 4032; x_wconf 87' lang='grc' dir='ltr'>εἰς</span> <span class='ocrx_word' id='word_1_305' title='bbox 1066 3973 1112 4042; x_wconf 84' lang='grc' dir='ltr'>τὴν</span> <span class='ocrx_word' id='word_1_306' title='bbox 1125 3975 1268 4032; x_wconf 75' lang='grc' dir='ltr'><strong><em>Πλάτωνος</em></strong></span> <span class='ocrx_word' id='word_1_307' title='bbox 1281 3974 1427 4042; x_wconf 80' lang='grc' dir='ltr'><strong><em>ἀνάγνωσιν</em></strong></span> <span class='ocrx_word' id='word_1_308' title='bbox 1439 3990 1502 4028; x_wconf 80' lang='lat' dir='ltr'>con-</span> 
     </span>
     <span class='ocr_line' id='line_1_36' title="bbox 322 4055 1502 4123; baseline 0 -15"><span class='ocrx_word' id='word_1_309' title='bbox 322 4056 402 4123; x_wconf 83' lang='lat' dir='ltr'>fecit,</span> <span class='ocrx_word' id='word_1_310' title='bbox 422 4055 477 4109; x_wconf 84' lang='lat' dir='ltr'>fuit</span> <span class='ocrx_word' id='word_1_311' title='bbox 496 4055 542 4110; x_wconf 92' lang='lat' dir='ltr'>ille</span> <span class='ocrx_word' id='word_1_312' title='bbox 569 4057 616 4122; x_wconf 87' lang='lat' dir='ltr'>qni</span> <span class='ocrx_word' id='word_1_313' title='bbox 641 4057 759 4109; x_wconf 90' lang='lat' dir='ltr'>omnium</span> <span class='ocrx_word' id='word_1_314' title='bbox 786 4057 952 4109; x_wconf 85' lang='lat' dir='ltr'>clarissimus</span> <span class='ocrx_word' id='word_1_315' title='bbox 977 4056 1012 4109; x_wconf 85' lang='lat' dir='ltr'>ad</span> <span class='ocrx_word' id='word_1_316' title='bbox 1037 4055 1158 4108; x_wconf 82' lang='lat' dir='ltr'>Euclidis</span> <span class='ocrx_word' id='word_1_317' title='bbox 1182 4055 1325 4108; x_wconf 86' lang='lat' dir='ltr'>Elementa</span> <span class='ocrx_word' id='word_1_318' title='bbox 1350 4055 1502 4121; x_wconf 85' lang='lat' dir='ltr'>composuit</span> 
     </span>
     <span class='ocr_line' id='line_1_37' title="bbox 324 4135 1502 4204; baseline 0 -16"><span class='ocrx_word' id='word_1_319' title='bbox 324 4137 553 4204; x_wconf 79' lang='lat' dir='ltr'>commentarium,</span> <span class='ocrx_word' id='word_1_320' title='bbox 578 4137 625 4190; x_wconf 86' lang='lat' dir='ltr'>sed</span> <span class='ocrx_word' id='word_1_321' title='bbox 644 4135 718 4190; x_wconf 90' lang='lat' dir='ltr'>Theo</span> <span class='ocrx_word' id='word_1_322' title='bbox 743 4136 788 4203; x_wconf 92' lang='lat' dir='ltr'>qui</span> <span class='ocrx_word' id='word_1_323' title='bbox 815 4137 916 4189; x_wconf 85' lang='lat' dir='ltr'>dieitur</span> <span class='ocrx_word' id='word_1_324' title='bbox 939 4135 1148 4190; x_wconf 80' lang='lat' dir='ltr'>Alexandrinus.</span> <span class='ocrx_word' id='word_1_325' title='bbox 1186 4135 1310 4188; x_wconf 82' lang='lat' dir='ltr'>Tertium</span> <span class='ocrx_word' id='word_1_326' title='bbox 1335 4150 1383 4202; x_wconf 87' lang='lat' dir='ltr'>pro</span> <span class='ocrx_word' id='word_1_327' title='bbox 1408 4135 1502 4188; x_wconf 83' lang='lat' dir='ltr'>verbis</span> 
     </span>
     <span class='ocr_line' id='line_1_38' title="bbox 325 4215 1501 4284; baseline 0.001 -16"><span class='ocrx_word' id='word_1_328' title='bbox 325 4221 427 4282; x_wconf 82' lang='lat' dir='ltr'>„avent</span> <span class='ocrx_word' id='word_1_329' title='bbox 446 4215 574 4269; x_wconf 62' lang='grc' dir='ltr'>ΡτοοΙιιειι</span> <span class='ocrx_word' id='word_1_330' title='bbox 594 4217 634 4269; x_wconf 90' lang='lat' dir='ltr'>nil</span> <span class='ocrx_word' id='word_1_331' title='bbox 654 4231 763 4283; x_wconf 79' lang='lat' dir='ltr'>prorsus</span> <span class='ocrx_word' id='word_1_332' title='bbox 783 4223 873 4282; x_wconf 78' lang='lat' dir='ltr'>potest</span> <span class='ocrx_word' id='word_1_333' title='bbox 892 4221 964 4270; x_wconf 84' lang='lat' dir='ltr'>stare</span> <span class='ocrx_word' id='word_1_334' title='bbox 976 4217 1029 4268; x_wconf 90' lang='lat' dir='ltr'>nisi</span> <span class='ocrx_word' id='word_1_335' title='bbox 1051 4219 1147 4284; x_wconf 82' lang='lat' dir='ltr'>„apres</span> <span class='ocrx_word' id='word_1_336' title='bbox 1159 4216 1296 4268; x_wconf 85' lang='lat' dir='ltr'>Proclus“.</span> <span class='ocrx_word' id='word_1_337' title='bbox 1324 4215 1398 4282; x_wconf 79' lang='lat' dir='ltr'>Quae</span> <span class='ocrx_word' id='word_1_338' title='bbox 1411 4230 1501 4269; x_wconf 85' lang='lat' dir='ltr'>omen-</span> 
     </span>
     <span class='ocr_line' id='line_1_39' title="bbox 324 4296 1503 4363; baseline -0.001 -14"><span class='ocrx_word' id='word_1_339' title='bbox 324 4297 399 4350; x_wconf 84' lang='lat' dir='ltr'>datio</span> <span class='ocrx_word' id='word_1_340' title='bbox 419 4312 478 4350; x_wconf 90' lang='lat' dir='ltr'>oum</span> <span class='ocrx_word' id='word_1_341' title='bbox 499 4313 532 4350; x_wconf 84' lang='lat' dir='ltr'>ex</span> <span class='ocrx_word' id='word_1_342' title='bbox 551 4311 580 4349; x_wconf 93' lang='lat' dir='ltr'>eo</span> <span class='ocrx_word' id='word_1_343' title='bbox 599 4297 747 4363; x_wconf 85' lang='lat' dir='ltr'>requiritur</span> <span class='ocrx_word' id='word_1_344' title='bbox 767 4297 836 4363; x_wconf 87' lang='lat' dir='ltr'>quod</span> <span class='ocrx_word' id='word_1_345' title='bbox 855 4298 932 4351; x_wconf 85' lang='lat' dir='ltr'>Theo</span> <span class='ocrx_word' id='word_1_346' title='bbox 951 4297 1006 4350; x_wconf 83' lang='lat' dir='ltr'>luit</span> <span class='ocrx_word' id='word_1_347' title='bbox 1025 4297 1109 4351; x_wconf 90' lang='lat' dir='ltr'>tertio</span> <span class='ocrx_word' id='word_1_348' title='bbox 1121 4313 1147 4363; x_wconf 89' lang='lat' dir='ltr'>p.</span> <span class='ocrx_word' id='word_1_349' title='bbox 1163 4297 1224 4350; x_wconf 82' lang='lat' dir='ltr'>Chr.</span> <span class='ocrx_word' id='word_1_350' title='bbox 1238 4312 1263 4349; x_wconf 92' lang='lat' dir='ltr'>n.</span> <span class='ocrx_word' id='word_1_351' title='bbox 1278 4296 1393 4363; x_wconf 83' lang='lat' dir='ltr'>saeculo,</span> <span class='ocrx_word' id='word_1_352' title='bbox 1413 4296 1503 4363; x_wconf 82' lang='lat' dir='ltr'>igitur</span> 
     </span>
     <span class='ocr_line' id='line_1_40' title="bbox 325 4377 1502 4444; baseline -0.002 -14"><span class='ocrx_word' id='word_1_353' title='bbox 325 4382 387 4432; x_wconf 89' lang='lat' dir='ltr'>ante</span> <span class='ocrx_word' id='word_1_354' title='bbox 407 4378 540 4443; x_wconf 88' lang='lat' dir='ltr'>Proclum,</span> <span class='ocrx_word' id='word_1_355' title='bbox 560 4378 604 4443; x_wconf 85' lang='lat' dir='ltr'>qni</span> <span class='ocrx_word' id='word_1_356' title='bbox 625 4383 723 4444; x_wconf 82' lang='lat' dir='ltr'>quarto</span> <span class='ocrx_word' id='word_1_357' title='bbox 742 4378 849 4431; x_wconf 87' lang='lat' dir='ltr'>demum</span> <span class='ocrx_word' id='word_1_358' title='bbox 869 4395 894 4444; x_wconf 91' lang='lat' dir='ltr'>p.</span> <span class='ocrx_word' id='word_1_359' title='bbox 911 4378 972 4430; x_wconf 81' lang='lat' dir='ltr'>Chr.</span> <span class='ocrx_word' id='word_1_360' title='bbox 986 4395 1013 4431; x_wconf 92' lang='lat' dir='ltr'>n.</span> <span class='ocrx_word' id='word_1_361' title='bbox 1029 4378 1136 4432; x_wconf 84' lang='lat' dir='ltr'>saeculo</span> <span class='ocrx_word' id='word_1_362' title='bbox 1155 4377 1217 4444; x_wconf 84' lang='lat' dir='ltr'>luit,</span> <span class='ocrx_word' id='word_1_363' title='bbox 1236 4382 1296 4430; x_wconf 88' lang='lat' dir='ltr'>tum</span> <span class='ocrx_word' id='word_1_364' title='bbox 1315 4392 1348 4430; x_wconf 83' lang='lat' dir='ltr'>ex</span> <span class='ocrx_word' id='word_1_365' title='bbox 1367 4382 1426 4430; x_wconf 89' lang='lat' dir='ltr'>toto</span> <span class='ocrx_word' id='word_1_366' title='bbox 1440 4392 1502 4432; x_wconf 86' lang='lat' dir='ltr'>ver·</span> 
     </span>
     <span class='ocr_line' id='line_1_41' title="bbox 324 4457 844 4523; baseline -0.002 -13"><span class='ocrx_word' id='word_1_367' title='bbox 324 4459 419 4510; x_wconf 85' lang='lat' dir='ltr'>borum</span> <span class='ocrx_word' id='word_1_368' title='bbox 437 4473 509 4511; x_wconf 80' lang='lat' dir='ltr'>nexu</span> <span class='ocrx_word' id='word_1_369' title='bbox 528 4463 611 4523; x_wconf 81' lang='lat' dir='ltr'>etque</span> <span class='ocrx_word' id='word_1_370' title='bbox 630 4457 681 4510; x_wconf 89' lang='lat' dir='ltr'>loci</span> <span class='ocrx_word' id='word_1_371' title='bbox 700 4457 844 4510; x_wconf 83' lang='lat' dir='ltr'>sententie.</span> 
     </span>
    </p>
   </div>
   <div class='ocr_carea' id='block_1_4' title="bbox 0 0 1739 5192">
    <p class='ocr_par' dir='ltr' id='par_1_9' title="bbox 0 0 1739 5192">
     <span class='ocr_line' id='line_1_42' title="bbox 0 0 1739 5192; baseline 0 0"><span class='ocrx_word' id='word_1_372' title='bbox 0 0 1739 5192; x_wconf 95' lang='lat' dir='ltr'> </span> 
     </span>
    </p>
   </div>
  </div>
 </body>
</html>
