3425 5192
682 431 903 493 ,61-

206 607 250 677 16)
269 606 301 660 D.
316 606 442 672 XXXIV,
457 607 483 670 2,
499 605 532 658 10
551 603 597 673 τήν
612 603 635 657 δ’
649 604 740 658 οὐσίαν
753 605 969 673 μεγαλόπλουτος,
988 604 1158 673 ὑπερήφανος
1172 604 1202 658 δέ
1216 605 1259 659 τόν
1278 607 1382 674 τρόπον.

207 697 250 767 17)
269 698 306 751 l).
321 696 461 767 XXXIV,
475 696 504 765 2,
518 696 553 749 13
572 695 601 758 ἐξ
615 693 653 747 ῶν
666 694 797 748 ἐδείκνυτο
815 701 869 746 τῶν
883 695 987 747 δούλων
1000 693 1060 761 οὑχί
1073 694 1179 762 ὠμότης
1197 693 1263 748 εἶναι
1276 696 1384 764 φύσεως

311 784 342 838 τὰ
361 785 481 854 γινόμενα
500 783 536 842 είς
555 783 615 844 τοὺς
634 783 736 854 ἄλλους,
756 780 820 836 ἀλλὰ
839 790 892 835 τῶν
909 783 1136 850 προϋπηργμένων
1157 783 1194 842 είς
1213 783 1309 842 αὑτούς
1327 783 1383 837 ἀδι-

313 874 441 942 κημάτων
459 873 639 932 ἀνταπόδοσις.
984 901 987 904 ’

207 965 251 1033 18)
271 965 304 1018 D.
324 963 450 1028 XXXIV,
465 964 489 1029 2,
507 963 539 1016 16
557 963 729 1031 περιθέμενος
748 962 777 1016 δὲ
795 962 824 1015 τὸ
843 962 958 1030 διάδημα
977 964 1022 1015 καί
1040 963 1124 1017 πάντα
1143 962 1173 1017 τὰ
1193 962 1258 1016 ἄλλα
1277 962 1307 1016 τὰ
1324 963 1385 1029 περὶ

314 1051 394 1106 αὑτὸν
410 1052 555 1120 βασιλικῶς
573 1051 763 1120 διακοσμήσας.

209 1143 252 1210 19)
270 1144 307 1197 Ι).
326 1141 467 1211 XXXIV,
486 1143 514 1213 2,
533 1143 568 1196 24
591 1140 684 1193 ἑαυτὸν
701 1139 750 1208 μὲν
766 1139 905 1208 Ἀντίοχον,
930 1140 1035 1208 Σύρους
1060 1139 1089 1193 δὲ
1112 1147 1165 1193 τῶν
1183 1139 1337 1195 ἀποστατῶν
1356 1142 1384 1194 τό

314 1231 416 1298 πλῆθος
436 1230 614 1298 ἐπωνόμασεν.

207 1321 251 1389 20)
270 1322 303 1374 D.
327 1321 452 1389 XXXIV,
477 1319 505 1389 2,
533 1321 567 1374 29
598 1317 813 1388 καταπληκτικήν
840 1317 911 1387 εἶχον
934 1318 981 1388 τήν
1003 1320 1137 1388 πρόσοψιν
1160 1320 1206 1372 καί
1233 1320 1386 1388 πολεμικῶν

314 1410 399 1476 ἔργων
417 1409 449 1462 οὑ
467 1410 561 1476 πόρρω
581 1408 710 1476 κειμένην.

207 1499 253 1568 21)
272 1499 305 1554 D.
319 1497 445 1564 XXXIV,
458 1498 483 1568 2,
498 1498 531 1552 33
551 1499 588 1550 ότι
603 1495 635 1550 οὑ
647 1496 715 1551 κατὰ
728 1495 772 1555 τὰς
784 1496 918 1555 πολιτικὰς
933 1498 1083 1556 δυναστείας
1096 1498 1170 1557 τοὺς
1189 1496 1221 1550 ἐν
1240 1499 1385 1567 ὑπεροχῇ

314 1589 407 1645 ὄντας
426 1587 579 1645 ἐπιεικῶς
597 1584 659 1655 χρή
683 1585 930 1654 προσφέρεσθαι
954 1595 1020 1645 τοῖς
1043 1586 1297 1658 ταπεινοτέροις,
1322 1586 1386 1641 ἀλλὰ

314 1677 360 1729 καί
374 1664 442 1729 κατὰ
454 1675 514 1734 τοὺς
528 1675 678 1733 ἰδιωτικούς
689 1677 764 1746 βίους
775 1673 893 1742 πρᾴως
906 1676 1143 1742 προσενεκτέον
1155 1684 1222 1734 τοῖς
1241 1677 1385 1735 οἰκέταις

316 1764 388 1824 τοὺς
408 1763 441 1817 εὑ
461 1771 671 1833 φρονοῦντας.
1041 1778 1044 1783 ’

208 1855 254 1924 22)
273 1854 306 1907 D.
326 1853 455 1918 XXXIV,
473 1853 498 1920 2,
518 1853 553 1906 34
572 1855 665 1912 ἵππους
685 1874 711 1905 τε
728 1853 875 1912 πολυτελεῖς
894 1854 940 1907 καί
959 1854 1151 1921 τετρακύκλους
1170 1854 1279 1922 ἀπήνας.

209 1944 253 2013 23)
277 1943 337 1998 Gal.
362 1943 426 2012 370,
452 1943 485 1996 14
509 1959 548 2009 sq.
585 1942 631 1995 καὶ
654 1941 837 2010 ὑποφέρεσθαι
862 1944 957 2012 φόβοις
980 1944 1025 1996 καὶ
1048 1944 1143 2002 λύπαις
1166 1945 1326 2012 περιπίπτειν
1347 1944 1385 2013 μὴ

315 2033 439 2099 μετρίαις.

209 2122 253 2189 24)
274 2121 332 2176 Gal.
357 2122 419 2187 371,
444 2123 476 2175 10
500 2137 557 2189 sqq.
595 2121 626 2174 οὑ
648 2123 731 2189 μόνον
756 2121 785 2176 δὲ
810 2123 837 2174 οί
860 2122 901 2174 ἐπί
926 2121 1004 2175 πλέον
1030 2121 1192 2191 ἐρρυηκυῖαν
1215 2124 1317 2191 ἔχοντες
1342 2122 1389 2190 τὴν

315 2214 420 2281 κακίαν,
440 2212 485 2265 καί
507 2212 536 2264 έν
554 2219 608 2272 ταῖς
626 2212 815 2278 εὑεμπτωσίαις
834 2214 905 2271 ὄντες
924 2212 1138 2279 ἐμπίπτουσιν
1161 2213 1205 2271 είς
1229 2212 1264 2267 τὰ
1286 2213 1387 2280 πάθη,

317 2301 380 2355 ἀλλὰ
403 2302 496 2362 πάντες
520 2303 547 2354 οί
568 2301 683 2371 ἄφρονες
706 2303 757 2361 ἕως
781 2302 813 2355 ἂν
835 2303 916 2371 ἔχωσι
935 2301 982 2370 τὴν
1000 2303 1111 2373 κακίαν,
1136 2302 1181 2355 καί
1199 2301 1244 2361 είς
1267 2301 1388 2369 μεγάλα

315 2392 403 2460 πάθη
423 2392 477 2446 καί
497 2393 541 2451 είς
559 2391 661 2460 μικρὰ
680 2391 883 2460 ἐμπίπτουσι.

210 2482 255 2552 25)
275 2482 335 2539 Gal.
354 2484 415 2551 449,
437 2484 450 2536 l
467 2499 524 2550 sqq.
553 2482 581 2534 τό
600 2481 637 2550 μὴ
657 2481 724 2534 κατὰ
742 2490 793 2534 πᾶν
812 2483 921 2536 ἕπεσθαι
940 2491 977 2549 τῷ
997 2482 1025 2534 ἐν
1043 2483 1131 2541 αὑτοῖς
1150 2483 1254 2549 δαίμονι
1274 2491 1393 2549 συγγενεῖ

318 2593 344 2624 τε
363 2573 415 2625 ὄντι
434 2573 480 2625 καί
499 2571 545 2640 τὴν
564 2571 657 2640 όμοιάν
676 2573 756 2641 φύσιν
770 2573 853 2640 ἔχοντι
873 2580 911 2640 τῷ
925 2572 968 2624 τόν
987 2572 1048 2625 ὅλον
1062 2574 1162 2640 κόσμον
1181 2573 1331 2642 διοικοῦντι,
1351 2581 1388 2638 τῷ

317 2660 347 2714 δὲ
368 2664 466 2730 χείρονι
494 2663 539 2715 καί
567 2662 671 2729 ζῳώδει
694 2662 756 2714 ποτὲ
779 2662 994 2720 συνεκκλίνοντας
1020 2663 1157 2730 φέρεσθαι.
1205 2662 1240 2716 Οί
1261 2661 1290 2715 δὲ
1314 2669 1389 2714 τοῦτο

316 2752 469 2818 παριδόντες
492 2752 552 2804 οὔτε
574 2751 603 2803 ἐν
624 2751 724 2810 τούτοις
746 2751 876 2820 βελτιοῦσι
899 2750 945 2818 τήν
972 2753 1057 2804 αἰτίαν
1079 2758 1132 2805 τῶν
1154 2752 1252 2805 παθῶν
1279 2752 1339 2804 οὔτε
1361 2751 1389 2803 ἐν

320 2841 450 2908 τοῖςπερὶ
469 2848 513 2909 τῆς
532 2840 699 2908 εὐδαιμονίας
717 2841 762 2894 καί
781 2841 921 2908 όμολογίας
939 2841 1138 2907 όρθοδοξοῦσιν.

211 2939 254 3002 26)
276 2939 317 2993 Pl.
337 2939 403 2993 Mar.
424 2956 445 2992 c.
467 2939 497 2992 ll
520 2938 530 3009 ))
549 2940 742 3008 νικήσαντες
760 2939 809 3008 γὰρ
828 2941 867 2998 οἷς
886 2939 1006 3009 ἐνέτυχον
1027 2939 1038 3012 Ι)
1059 2939 1105 2993 καί
1123 2939 1268 3008 χρημάτων
1285 2939 1391 2990 πολλῶν

318 3028 539 3095 κρατήσαντες
557 3027 567 3098 ))
585 3029 701 3095 ἔγνωσαν
717 3029 842 3096 μηδαμοῦ
857 3037 905 3097 γῆς
918 3028 1027 3088 ἓαυτοὺς
1042 3029 1141 3096 ἵδρύειν
1157 3031 1161 3095 )
1176 3027 1238 3095 πρὶν
1257 3027 1390 3095 ἀνατρέ-

318 3137 407 3184 φωσι
427 3116 482 3185 τὴν
498 3116 623 3185 Ῥώμην
639 3117 642 3188 )
659 3117 704 3170 καί
723 3118 972 3186 διαπορθήσωσι
992 3118 1047 3187 τήν
1062 3117 1226 3187 Ἰταλίαν.)

212 3215 258 3284 27)
278 3215 318 3268 Pl.
338 3215 404 3269 Mar.
424 3233 446 3269 ο.
466 3216 500 3268 22
519 3215 602 3283 ἐνῆφε
621 3215 668 3283 τήν
684 3216 771 3283 πυρὰν
789 3217 834 3268 καί
853 3217 900 3285 τήν
918 3218 1014 3270 θυσίαν
1032 3217 1219 3270 ἐπετελείωσεν.

213 3303 257 3374 28)
276 3305 318 3357 Pl.
338 3303 404 3359 Mar.
429 3321 451 3358 c.
470 3305 504 3358 45
533 3305 691 3373 συνῃρηκὼς
711 3305 754 3357 τόν
773 3305 971 3373 Μιθριδατικὸν
989 3306 1104 3373 πόλεμον
1127 3306 1172 3358 καί
1197 3304 1242 3364 τὰς
1265 3305 1391 3372 ἐπαρχίας

324 3393 498 3462 συνειληφώς.

214 3485 258 3554 29)
279 3484 320 3539 ΡΙ.
340 3482 406 3538 Mar.
427 3500 448 3537 ο.
469 3483 503 3537 20
522 3484 605 3542 Πόλις
628 3483 681 3537 ἐστὶ
704 3491 749 3553 τῆς
768 3485 892 3543 Σικελίας
908 3485 1028 3552 Ἐγγύϊον
1051 3483 1084 3537 οὑ
1106 3484 1218 3552 μεγάλη,
1242 3483 1340 3552 ἀρχαία
1363 3483 1392 3536 δὲ

320 3573 388 3626 πάνυ
407 3573 453 3626 καί
472 3572 515 3626 διὰ
534 3574 607 3626 θεῶν
625 3573 777 3641 ἐπιφάνειαν
796 3574 909 3636 ἔνδοξος.

214 3663 259 3732 30)
278 3663 320 3718 Pl.
336 3664 401 3717 Mar.
417 3679 439 3716 ο.
453 3663 488 3716 20
514 3663 517 3731 Ι
541 3661 596 3730 τήν
614 3662 761 3730 κεφαλήν
780 3663 900 3730 ἐπάρας
919 3662 975 3717 καὶ
993 3664 1213 3730 περιενεγκὼν
1228 3666 1233 3731 Ι
1248 3663 1392 3730 ὑποτρόμῳ

322 3760 401 3819 φωνῇ
419 3749 465 3804 καί
482 3752 576 3820 βαρείᾳ
600 3751 667 3804 κατὰ
688 3752 785 3819 μικρὸν
811 3751 821 3822 Ι)
848 3754 1024 3806 συντείνων
1047 3751 1101 3805 καὶ
1123 3753 1318 3820 παροξύνων
1340 3752 1393 3804 τόν

322 3839 410 3908 διον·
425 3839 435 3910 λ

217 3928 261 3998 31)
281 3928 344 3984 Str.
359 3929 410 3983 147
435 3929 573 3995 γεννᾶσθαι
592 3930 615 3982 δ’
631 3929 658 3981 ἐν
677 3950 703 3982 τε
721 3938 773 3988 τοῖς
792 3931 857 3998 ὑπὲρ
877 3929 936 3990 τοὺς
950 3929 1114 3989 Λυσιτανοὺς
1131 3930 1278 4000 βαρβάροις
1297 3930 1342 3983 καί
1366 3930 1393 3982 ἐν

323 4027 378 4075 ταῖς
396 4019 557 4085 Καττιτερίσι
575 4019 671 4088 νήσοις,
691 4020 737 4073 καί
755 4020 785 4073 ἐκ
804 4028 857 4074 τῶν
869 4023 1056 4088 Βρεττανικῶν
1074 4019 1104 4074 δέ
1121 4022 1158 4079 εἰς
1177 4020 1224 4089 τήν
1236 4020 1394 4073 Μασσαλίαν

325 4107 490 4174 κομίζεσθαι.

218 4197 262 4266 32)
282 4197 335 4251 Str.
358 4198 408 4250 196
428 4196 583 4264 φερομένων
601 4197 727 4266 ἀγεληδὸν
745 4200 791 4253 καί
813 4208 980 4270 πανστρατιᾷ,
1003 4200 1103 4268 μᾶλλον
1126 4198 1155 4252 δὲ
1177 4199 1223 4252 καὶ
1246 4200 1394 4252 πανοικίων

325 4285 489 4351 ἐξαιρόντων.

219 4376 263 4444 33)
283 4375 347 4432 Str.
367 4375 419 4429 197
438 4375 482 4427 ἕνα
502 4375 525 4428 δ’
545 4375 658 4444 ἡγεμόνα
676 4377 789 4444 ᾑροῦντο
808 4379 863 4432 κατ’
885 4377 1001 4431 ἐνιαυτὸν
1021 4378 1049 4431 τὸ
1067 4379 1186 4444 παλαιόν,
1207 4377 1245 4435 ὡς
1263 4378 1286 4429 δ’
1307 4378 1393 4434 οὑτως

325 4465 361 4523 εἰς
379 4463 492 4531 πόλεμον
510 4465 546 4523 είς
565 4464 617 4517 ὑπό
635 4473 680 4519 τοῦ
698 4466 817 4534 πλήθους
835 4467 1006 4520 ἀπεδείκνυτο
1024 4469 1175 4536 στρατηγός.
