3425 5192
713 410 935 472 -35..

238 590 273 652 et
291 585 393 651 isdem
412 585 583 667 postremis
606 590 797 666 prosecutus
821 589 872 650 est
895 603 943 668 ea,
967 602 1050 664 qnae
1073 587 1245 650 senserunt
1257 582 1413 664 Epicurei

239 694 278 758 de
301 691 378 758 solis
393 692 626 776 magnitudine,
650 692 780 758 summis
795 691 1086 773 pulcherrimisque
1102 690 1253 757 laudibus
1267 690 1413 755 celebrat

237 798 555 864 mirificentissimam
578 799 655 865 solis
678 799 744 865 vim
768 803 868 879 atque
890 804 1050 864 naturam.

327 906 504 972 Veniamus
527 925 614 970 nunc
637 908 679 971 ad
702 905 835 971 tertiam
858 910 1001 986 partem:

283 1065 317 1133 C.
346 1067 615 1150 isal-loono,
654 1065 821 1151 scriptor
840 1068 980 1151 pugnat
993 1064 1314 1132 vehomentIsslmo
1330 1082 1412 1130 cum
1426 1079 1450 1122 c.

345 1174 427 1258 ipso
450 1173 611 1258 Epicuro
637 1175 786 1257 eiusque
811 1173 979 1239 adseclis.

344 1279 377 1366 α)
403 1282 596 1364 lsai-14.
642 1280 819 1360 Epicurum
843 1284 878 1344 et
902 1277 970 1344 eius
994 1281 1216 1344 adsectatores
1239 1277 1335 1360 longe
1355 1278 1412 1342 ab·

399 1406 469 1452 csse
493 1390 535 1452 ab
560 1386 770 1452 interioribus
794 1386 1034 1467 reconditisque
1054 1384 1175 1450 litteris
1190 1385 1313 1464 absque
1327 1383 1413 1449 omni

397 1493 489 1558 cultu
512 1498 547 1558 et
569 1493 782 1558 humanitate.

342 1600 377 1685 β)
398 1601 614 1682 italo-28.
661 1599 863 1682 Quamquam
895 1599 963 1665 siut
993 1599 1157 1664 hominum
1187 1597 1290 1680 pestis
1313 1602 1412 1678 atque

398 1706 567 1790 pernicies,
591 1713 700 1772 tamen
725 1706 812 1772 affici
835 1726 890 1772 eos
914 1705 1044 1771 summis
1069 1705 1252 1770 honoribus.

344 1813 375 1898 γ)
400 1815 690 1896 lacae-tolga
737 1812 842 1895 Quid?
875 1815 961 1893 quod
990 1812 1138 1893 quamvis
1161 1812 1205 1878 sit
1228 1813 1412 1894 absurdum,

400 1923 517 1999 putent
540 1920 654 1984 stellas
678 1919 706 1984 si
729 1919 877 1986 oriantur
901 1919 1041 2000 accendi,
1074 1917 1239 2000 exstingui
1270 1918 1299 1983 si
1330 1919 1412 1983 occi·

398 2027 486 2109 dant,
511 2029 596 2105 qnod
619 2025 747 2106 quidem
771 2045 913 2092 summae
933 2025 977 2091 sit
990 2025 1218 2107 perversitatis
1241 2030 1340 2104 atque
1363 2024 1411 2089 in·

398 2132 520 2198 saniac.
566 2134 677 2214 Neque
702 2152 738 2198 eo
762 2132 864 2198 setius
898 2132 982 2198 velle
1014 2133 1192 2214 Epicurum
1223 2151 1288 2198 non
1320 2133 1411 2197 modo

396 2237 431 2304 in
468 2240 730 2320 philosophorum
767 2258 935 2305 numerum
972 2259 1006 2304 se
1043 2239 1173 2323 reterri,
1219 2240 1277 2304 sed
1312 2237 1412 2304 etiam

399 2365 556 2429 arrogare
579 2347 643 2412 sibi
665 2346 795 2427 primas.

344 2451 374 2538 o)
400 2454 691 2537 legat-rodan
742 2453 944 2536 Quamquam
976 2451 1086 2519 verbis
1119 2472 1158 2518 ac
1189 2471 1225 2517 re
1257 2451 1412 2534 Epicurei

396 2558 579 2626 inserviant
603 2560 745 2641 corporis
761 2561 994 2643 voluptatibus
1018 2578 1128 2625 eorum
1143 2563 1243 2641 caput
1256 2578 1412 2642 arrogare

395 2665 459 2733 sibi
481 2667 620 2748 primum
642 2667 906 2749 philosophorum
928 2668 1042 2733 locum.

342 2772 370 2857 ε)
397 2775 689 2857 166,22-168,10.
735 2774 826 2857 Quae
851 2773 994 2840 comita
1023 2792 1058 2839 se
1090 2773 1242 2856 habeant,
1274 2791 1332 2853 pro
1356 2791 1410 2837 cx·

396 2880 524 2960 plorato
547 2899 643 2962 posse
666 2881 781 2946 haberi
796 2880 974 2962 Epicurum
989 2879 1120 2960 eiusque
1144 2879 1291 2944 adseclas
1307 2898 1411 2959 neque

397 2987 571 3069 astrologis
595 3005 655 3051 nec
678 2987 811 3066 reliquis
835 2987 1036 3068 philosophis
1059 3005 1130 3051 esse
1144 2988 1410 3051 adnumerandos.

323 3093 347 3158 J
349 3111 401 3157 am
424 3092 620 3172 relinquitur
643 3098 762 3172 quarta
785 3094 963 3173 eademque
986 3092 1102 3158 ultima
1125 3092 1227 3158 totius
1248 3093 1410 3172 quaestio·

235 3217 287 3264 nis
310 3217 400 3280 pars:

278 3360 320 3430 Ι).
351 3362 661 3444 168,13-170,27.
698 3359 928 3446 Proponitur
951 3361 1278 3429 demonstrandum
1291 3361 1407 3429 solem
1418 3383 1447 3456 ¹n.

340 3471 442 3534 torro
465 3485 545 3535 esse
568 3469 756 3556 maiorem.
793 3468 902 3550 Atque
926 3470 1026 3536 solem
1049 3474 1140 3534 terra
1163 3487 1234 3534 esse
1256 3467 1410 3534 maiorem

340 3582 473 3655 praeter
484 3594 531 3660 ea,
543 3594 625 3656 quae
639 3575 705 3641 iam
719 3593 819 3656 supra
833 3579 910 3640 sunt
925 3576 1097 3659 explicata,
1112 3577 1229 3641 docent
1240 3575 1322 3641 haec
1330 3575 1409 3642 tria:

226 3731 228 3734 -
341 3681 685 3770 a)1oa,2o-170,2.
732 3682 935 3765 Quamquam
966 3688 1057 3748 terra
1088 3682 1202 3763 puncti
1228 3683 1273 3749 sit
1295 3681 1410 3766 instar,

395 3789 536 3871 conspici
559 3808 686 3871 semper
709 3807 809 3869 supra
832 3793 955 3853 terram
980 3790 1042 3853 180
1062 3791 1192 3872 gradus,
1224 3807 1283 3854 sex
1305 3790 1407 3872 signa,

394 3896 643 3977 aequinoctialis
666 3900 794 3976 partem
818 3895 992 3960 dimidiam.
1025 3895 1134 3975 Atque
1158 3913 1230 3960 cum
1253 3901 1407 3962 terrane

395 4002 559 4066 minimam
583 4003 711 4082 quidem
734 4002 876 4067 occultet
905 4004 1027 4085 gradus
1059 4006 1195 4092 partem,
1227 4002 1408 4068 solantem

396 4108 522 4172 dimidii
543 4108 613 4173 iere
636 4111 758 4191 gradrm
782 4109 931 4174 obtineat
954 4108 1109 4193 spatium,
1133 4108 1204 4174 ficri
1227 4127 1292 4174 non
1314 4128 1408 4191 posse

396 4214 473 4292 quin
497 4215 545 4280 sol
569 4217 659 4280 terra
682 4215 725 4280 sit
748 4215 861 4280 maior.

340 4322 375 4406 β)
398 4322 545 4404 170,3-
558 4323 608 4388 lo.
667 4321 897 4404 Quodcumque
929 4323 1044 4403 puncti
1079 4322 1203 4387 habeat
1238 4322 1408 4406 rationem,

394 4427 498 4494 veluti
522 4432 612 4492 terra
635 4429 677 4492 ad
700 4428 808 4510 solem,
832 4436 866 4493 et
890 4428 969 4493 oriri
992 4433 1026 4493 et
1041 4429 1186 4494 occidere
1204 4428 1292 4494 nullo
1306 4427 1407 4494 inter·

1214 4532 1247 4585 3*
