3425 5192
685 433 907 492 „11-

209 611 325 676 stellae
349 648 390 654 —
415 627 508 674 suurn
531 609 677 688 quodque
702 607 830 690 signum
847 607 1041 671 obtinebant
1055 605 1203 689 medium,
1227 605 1284 671 illa
1298 624 1383 672 scor·

207 717 321 799 pionis,
345 717 426 781 haec
448 713 545 779 tauri.
591 715 779 778 Postremus
803 717 912 778 autem
936 718 1013 777 ante
1035 712 1213 777 Cleomedis
1237 718 1384 793 tempora

210 822 399 890 observavit
422 821 591 886 stellarum
615 825 729 904 motus,
753 818 1002 902 magnitudines,
1026 819 1218 884 altitudines
1241 819 1383 900 Hippar-

209 931 296 996 chus
326 928 426 1011 Quem
451 934 488 993 ut
506 929 566 992 hoc
581 927 706 992 faceret
720 929 895 991 adductum
911 924 1027 1010 000016)
1043 945 1128 990 anno
1143 945 1171 991 a.
1186 926 1259 991 Chr.
1274 946 1303 991 n.
1321 929 1384 990 134

209 1038 335 1101 Antare
359 1033 616 1116 splendidissimo
640 1035 780 1099 candore
808 1031 1164 1116 0100001011101110011)
1188 1038 1302 1098 auctor
1326 1038 1384 1098 est.

210 1144 282 1225 Qua
314 1145 393 1207 data
425 1141 592 1206 occasione
615 1140 823 1221 Hipparchus
856 1139 1010 1221 cognovit
1043 1145 1118 1219 post
1140 1140 1385 1206 observationes

210 1255 340 1314 centum
372 1247 610 1330 quinquaginta
643 1246 735 1311 annis
769 1251 846 1312 aute
878 1247 920 1310 ab
948 1246 1109 1327 Aristyllo
1140 1251 1174 1310 et
1201 1246 1385 1312 Timochari

209 1356 315 1421 iactas
339 1359 494 1436 punctum
518 1357 601 1435 qnod
625 1355 738 1419 dicunt
755 1371 890 1418 vernum
906 1354 990 1433 qnod
1004 1353 1052 1418 sol
1067 1353 1270 1433 acquinoctio
1284 1373 1385 1420 verno

212 1464 346 1546 obtinet,
370 1463 494 1527 duobus
517 1461 674 1544 gradibus
697 1459 914 1541 praecessisse
929 1461 971 1524 ab
987 1459 1111 1524 oriente
1129 1463 1172 1524 ad
1186 1444 1386 1524 occidentem

112 1573 115 1580 '
209 1588 332 1638 versus.
379 1569 487 1650 Quare
501 1624 504 1630 ,
519 1569 656 1633 mutatio
688 1567 746 1632 illa
778 1586 862 1646 quae
885 1587 906 1631 a
928 1565 1163 1647 posterioribus
1191 1567 1385 1632 astronomis

209 1676 390 1758 praecessio
415 1680 465 1740 est
488 1675 664 1758 nominata,
692 1672 830 1756 singulis
860 1674 954 1738 annis
977 1673 1078 1738 efficit
1102 1670 1172 1738 48.”
1218 1673 1282 1738 Sed
1304 1673 1385 1754 Hip-

209 1784 350 1864 parchus
383 1782 621 1848 demoustravit
652 1801 779 1861 qnoque
807 1782 893 1846 hunc
916 1801 1084 1846 numerum
1107 1800 1172 1845 000
1195 1781 1299 1846 solnm
1321 1800 1386 1845 non

210 1891 373 1970 quadrare
404 1889 452 1963 in,
472 1907 729 1968 unamquamque
761 1888 899 1971 stellam,
932 1889 989 1953 sed
1007 1888 1141 1953 iactari
1168 1888 1268 1952 etiarn
1299 1889 1387 1952 inter

211 1993 423 2062 36”0156”.
469 1996 579 2074 Atque
611 1995 796 2076 catalogum
826 1995 995 2060 stellarum
1020 2014 1114 2074 quem
1142 1995 1387 2060 accuratissime

211 2103 389 2183 composuit
421 2102 637 2184 Hipparchus
671 2100 800 2166 etiamsi
832 2102 930 2169 valde
963 2105 1013 2166 est
1046 2103 1217 2167 dolendum
1247 2105 1385 2166 00010-

210 2211 289 2276 lisse
335 2215 478 2275 aetatem
524 2227 596 2274 eum
643 2214 753 2273 tamen
798 2208 952 2274 facillime
998 2228 1166 2289 possumus
1211 2209 1387 2274 restituere

210 2314 390 2382 Ptolemaei
434 2316 584 2398 catalogo
631 2315 690 2380 usi.
758 2316 1077 2383 Demonstraverunt
1122 2315 1207 2380 euim
1247 2314 1388 2380 dilucide

211 2424 402 2489 recentioris
434 2423 555 2488 aetatis
588 2421 653 2488 viri
685 2421 817 2508 docti¹b
850 2423 1072 2486 Ptolemaeum
1104 2423 1209 2502 ipsum
1239 2441 1303 2486 non
1331 2423 1386 2487 ob-

194 2549 360 2622 servasse
388 2530 557 2594 stellarum
590 2529 790 2613 altitudines,
823 2531 881 2594 sed
913 2531 955 2594 ad
988 2548 1096 2594 omnes
1128 2529 1248 2608 ubique
1277 2549 1386 2594 nume-

211 2657 264 2703 ros
302 2635 538 2718 Hipparchicos
575 2655 654 2702 snae
691 2637 796 2701 aetati
828 2635 1164 2719 accommodandos¹⁸)
1196 2636 1387 2717 simpliciter

302 2866 334 2936 11)
353 2866 428 2920 Wolf
438 2867 466 2933 (l.
478 2867 519 2936 0.),
530 2883 592 2935 pag.
606 2867 664 2920 158.
677 2896 708 2905 -
721 2866 901 2935 Ptolemaeus,
917 2867 1076 2920 011.Ηο1010.
1095 2865 1203 2934 v01.11,
1214 2883 1276 2934 pag.
1290 2866 1322 2918 lo
1332 2882 1387 2931 sqq.

213 2977 245 2985 -
265 2947 390 3013 Tannery
404 2947 431 3015 (l.
448 2947 490 3016 0.),
504 2963 567 3014 pag.
581 2947 633 3000 265
647 2963 686 3012 sq.
820 2979 822 2984 .

302 3026 334 3095 17)
354 3027 469 3080 Ρ101010.
490 3027 530 3080 ed.
550 3027 658 3079 Halma.
692 3027 752 3080 Vol.
770 3026 807 3094 II,
826 3043 888 3094 pag.
905 3027 947 3081 13.
972 3058 1004 3064 -
1028 3026 1165 3082 Delambr.
1186 3026 1345 3094 (1.0.)101.
1365 3025 1387 3092 Ι,

214 3123 274 3176 pag.
287 3105 346 3159 183.
372 3106 408 3171 ll,
420 3106 480 3159 262.
492 3137 526 3144 -
536 3105 618 3160 Wolf.
633 3107 661 3176 (l.
672 3096 706 3175 0.)
716 3122 777 3174 pag.
790 3107 823 3159 62
834 3123 872 3173 sq.
885 3107 944 3160 162.
957 3108 1016 3161 194.
1028 3137 1060 3144 -
1071 3106 1156 3159 Το00.
1171 3106 1198 3176 (l.
1210 3106 1243 3174 0.)
1254 3122 1316 3174 pag.
1327 3105 1388 3159 270.

217 3218 246 3225 --
257 3188 381 3241 Hultsch.
392 3187 421 3239 in
430 3187 740 3255 Encyclop.Wissowae.
759 3188 819 3242 Vol.
830 3189 867 3255 II,
877 3204 940 3255 pag.
948 3188 1017 3240 1850
1027 3203 1085 3253 sqq.
1104 3202 1124 3240 s.
1136 3205 1161 3241 v.
1174 3185 1388 3253 „Astronomie“.

302 3267 334 3334 ¹⁸)
354 3267 459 3320 Bollius
478 3267 507 3319 in
527 3267 753 3322 commentatione
772 3284 840 3333 quae
860 3268 1018 3321 inscribitur
1033 3267 1099 3333 ,Die
1113 3267 1324 3334 Sternlrataloge
1343 3268 1389 3320 des

212 3347 350 3414 Hipparch
364 3347 418 3400 und
432 3349 478 3400 des
491 3347 683 3413 Ptolemaiost,
698 3348 727 3400 iu
740 3347 810 3402 Bibl.
822 3348 952 3400 Mathem.
967 3348 1022 3401 Ser.
1033 3346 1085 3401 III.
1101 3347 1161 3401 Vol.
1171 3348 1208 3400 ΙΙ.
1227 3347 1388 3415 Liparaei,

213 3443 275 3494 pag.
291 3428 430 3481 185-195
455 3428 505 3481 1100
528 3428 555 3480 10
580 3427 690 3480 dubium
714 3433 794 3481 vocat
813 3428 859 3497 (cf.
873 3428 938 3482 ibid.
951 3445 1014 3496 pag.
1030 3429 1091 3498 195)
1110 3442 1221 3481 monens
1240 3428 1390 3481 Ptolemaei

214 3507 368 3575 catalogum
393 3509 532 3562 stellarum
557 3524 684 3574 superare
708 3508 759 3560 175
784 3508 872 3562 0101110
895 3508 1038 3576 descriptis
1062 3509 1218 3576 catalogum
1242 3507 1390 3575 Hipparchi

214 3603 265 3652 quo
278 3587 330 3640 850
345 3587 442 3642 stellae
457 3589 656 3642 contineantur.
689 3586 746 3652 Quo
760 3588 818 3641 fieri
834 3605 889 3641 000
903 3604 980 3656 posse
995 3594 1026 3641 01
1039 3589 1209 3642 Ptolemaeus
1223 3588 1390 3654 exscriptum

214 3667 298 3720 solum
318 3675 400 3734 atque
420 3674 568 3722 correctum
582 3669 711 3734 praebeat
726 3670 882 3736 catalogum
896 3668 1052 3735 Hipparchi,
1072 3669 1153 3722 immo
1170 3684 1234 3722 vero
1253 3668 1318 3734 quin
1332 3668 1390 3734 ipse

213 3746 309 3802 iecerit
327 3747 536 3805 observationes.

303 3827 354 3881 Sed
373 3829 453 3894 paulo
472 3834 533 3895 0001
546 3829 664 3882 Βο111010
684 3829 912 3882 commentatione
930 3846 1010 3895 quam
1029 3828 1147 3882 confecit
1166 3828 1208 3881 vir
1226 3828 1322 3882 doctus
1336 3829 1390 3880 Da·
1446 3852 1448 3859 ·

213 3907 299 3972 nicus,
318 3907 461 3978 Bjoernbo,
480 3925 548 3975 quae
568 3909 727 3962 inscribitur
746 3909 817 3978 „Hat
838 3909 975 3962 Menelaos
993 3925 1041 3961 aus
1056 3908 1222 3963 Alexandria
1236 3909 1316 3962 einen
1328 3908 1390 3961 Fix-

215 3987 407 4054 sternkatalog
425 3986 549 4042 veriasst“
570 3988 646 4058 (ibid.
661 4005 724 4057 pag.
742 3989 977 4057 196-212)111011
996 3990 1066 4056 quod
1078 3989 1182 4042 Bollius
1201 3989 1288 4042 voluit
1299 3990 1390 4043 Ptole-

215 4081 319 4118 maeum
343 4065 431 4132 ipsum
455 4067 552 4122 1001000
577 4068 787 4135 observationes,
813 4069 987 4123 obscuratum
1006 4075 1048 4123 001
1066 4069 1185 4122 maxima
1211 4069 1390 4123 dubitatione.

214 4145 349 4213 Bjoernbo
377 4145 448 4201 00101
476 4148 611 4201 concludit
640 4150 689 4202 sub
716 4148 796 4201 finem
821 4148 866 4216 (01.
882 4166 944 4217 pag.
957 4151 1029 4218 211),
1057 4149 1206 4203 Ptolemaei
1234 4149 1390 4218 catalogum

215 4225 356 4280 stellarum
375 4224 488 4278 fixarum
507 4243 566 4281 esse
585 4227 804 4297 conglutinatum
824 4246 857 4283 ex
875 4230 953 4283 libris
971 4230 1147 4296 complurium
1172 4230 1218 4296 qui
1242 4234 1307 4282 ante
1330 4245 1390 4282 eum

214 4305 315 4360 tuerint
335 4305 453 4359 virorum
473 4307 517 4372 qui
538 4307 566 4359 in
585 4307 758 4362 dimetiendis
777 4310 918 4363 stellarum
937 4310 1128 4365 altitudinibus
1147 4310 1219 4364 idem
1238 4309 1390 4363 erraverint

215 4386 282 4440 falso
302 4384 496 4453 praecessionis
515 4403 624 4440 numero
644 4387 774 4441 adhibito.
813 4388 872 4454 Qua
892 4395 922 4443 ut
940 4390 998 4457 ipsc
1017 4395 1140 4442 uteretur
1158 4405 1186 4443 00
1209 4396 1305 4456 putare
1330 4404 1391 4442 eum

215 4481 273 4520 esse
292 4467 439 4519 adductum
462 4481 509 4533 per
528 4466 680 4520 Menelaum
704 4467 749 4532 qui
773 4475 836 4522 ante
856 4485 917 4524 eum
935 4470 1031 4522 fuisset
1046 4468 1089 4536 (01.
1101 4485 1163 4537 pag.
1174 4469 1246 4540 269).
1277 4469 1329 4522 Sed
1341 4469 1391 4521 hoc
