3425 5192
702 417 923 482 -39-

225 593 381 664 instituta
405 594 448 661 sit
472 600 570 675 atque
593 598 741 659 tractata
754 593 908 659 materies
924 596 964 659 de
979 613 1043 674 qua
1057 594 1177 679 agitur,
1200 595 1404 661 haecomnia

226 702 267 767 ab
292 703 402 768 eodem
425 702 481 767 illo
505 701 614 783 eapite
638 720 677 766 ao
700 701 790 766 fonte
822 700 997 784 fluxerunt
1030 721 1050 766 a
1081 700 1262 767 Posidonio.
1308 701 1401 784 Quod

225 809 358 890 probari
380 812 491 890 potest
513 807 603 873 hisce
629 807 738 872 allatis
762 809 873 872 rebus:

270 933 304 1017 1)
332 933 465 999 Etenim
487 931 522 997 in
545 933 596 998 his
621 951 747 1013 quoque
779 932 899 1016 verbis
933 950 1016 1012 quae
1049 935 1090 997 ad
1123 952 1163 998 ea
1195 952 1278 1013 quae
1310 938 1402 999 ante-

334 1042 454 1106 cedunt
476 1039 638 1105 artissime
669 1039 901 1121 aptissimeque
934 1044 1010 1104 sunt
1042 1039 1207 1125 adiuncta,
1239 1041 1273 1104 id
1304 1059 1404 1107 unum

332 1153 431 1227 atque
445 1146 619 1211 maximum
634 1146 777 1211 ooourrit
790 1145 884 1211 nobis
899 1146 1109 1212 obtuentibus
1123 1146 1405 1213 vehementissime

332 1252 473 1337 pugnari
497 1272 568 1319 oum
591 1253 662 1335 ipso
685 1253 827 1333 Epicuro
851 1253 985 1333 eiusque
1010 1252 1191 1335 disciplina.

386 1360 433 1427 Ol.
457 1362 519 1425 hae
542 1362 582 1425 de
605 1379 642 1424 re
665 1380 739 1443 pag.
757 1362 874 1442 132‚29
889 1379 957 1440 sqq.
973 1365 1008 1426 et
1021 1379 1095 1443 pag.
1113 1362 1239 1444 136‚21.
1255 1363 1297 1426 23
1313 1379 1359 1441 sq.

271 1485 303 1572 2)
331 1486 414 1552 Tum
442 1503 550 1550 eornm
584 1503 668 1564 quae
699 1503 772 1567 pag.
790 1486 968 1568 138,6sqq.
987 1484 1140 1550 dicuntur
1173 1487 1212 1550 de
1244 1486 1405 1552 umbratis

334 1598 368 1658 et
391 1592 591 1657 collustratis
615 1591 803 1674 regionibus
827 1591 993 1656 simillima
1015 1591 1154 1674 legimus
1177 1591 1301 1674 scripta
1316 1594 1404 1674 apud

246 1735 250 1742 .
333 1698 474 1765 Plinium
498 1699 586 1782 (Nat.
602 1698 688 1763 ffist..
703 1697 747 1781 H,
758 1699 810 1763 49.
822 1698 886 1783 50),
910 1704 1141 1779 praeterquam
1164 1702 1249 1781 quod
1263 1699 1319 1764 illo
1333 1700 1403 1765 looo

333 1808 468 1871 umbrae
492 1805 574 1871 liunt
598 1804 777 1889 arboribus,
801 1806 863 1871 hoo
885 1805 956 1871 loeo
986 1804 1199 1892 columniam)
1245 1806 1404 1890 Quoniam

335 1931 374 1979 ea
407 1931 490 1992 quae
523 1913 627 1978 altero
658 1910 742 1976 Plin.
767 1913 841 1979 Nat.
867 1913 952 1979 Hist.
976 1913 1060 1978 libro
1093 1913 1301 1980 oontInentur
1332 1920 1404 1979 arto

333 2021 473 2100 quodam
487 2024 525 2084 ut
538 2019 587 2084 ita
602 2019 707 2084 dloam
726 2019 981 2101 propinquitatis
995 2020 1125 2087 vinculo
1141 2026 1217 2086 sunt
1231 2019 1406 2086 ooniunota

335 2147 407 2193 oum
430 2126 579 2192 dootrina
601 2125 767 2192 Posidonii
790 2164 833 2172 —
857 2127 976 2208 quippe
1000 2146 1095 2208 quem
1118 2127 1244 2193 Plinius
1276 2147 1348 2192 oum
1371 2127 1405 2192 in

335 2238 503 2299 auotorum
526 2232 633 2298 indioe
656 2237 725 2298 tum
739 2233 783 2317 ΙΙ,
795 2236 836 2298 85
860 2234 1005 2300 nominet
1019 2271 1071 2317 -‚
1086 2235 1186 2300 etiam
1200 2235 1286 2300 huno
1299 2235 1406 2300 locum

334 2341 557 2407 Cleomedeum
577 2339 762 2421 putaverim
785 2341 928 2406 traxisse
952 2341 1110 2425 originem
1133 2361 1154 2406 a
1176 2339 1404 2426 Posidoniow)

388 2448 452 2514 Sed
475 2466 526 2512 me
549 2452 638 2513 reote
662 2446 783 2512 dixisse
806 2447 946 2513 maxime
969 2455 1108 2530 apparet

272 2573 305 2659 3)
335 2592 376 2639 ex
399 2573 469 2654 ipso
493 2590 612 2655 genere
637 2571 764 2638 dicendi
788 2578 887 2653 atque
911 2573 1099 2640 disserendi.
1145 2573 1291 2639 Etenim:

336 2680 370 2766 a)
385 2679 578 2745 Afferuntur
601 2679 749 2760 exempla
772 2699 793 2744 a
821 2698 930 2744 rerum
962 2685 1129 2764 gestarum
1163 2680 1317 2746 memoria
1347 2700 1402 2762 pe·

386 2787 450 2851 tita
473 2785 516 2871 (v.
531 2786 613 2867 App.
628 2806 658 2867 p.
675 2785 751 2871 70.):

443 2895 558 2975 134,17
574 2911 643 2973 sqq.
667 2894 685 2956 ὁ
708 2893 896 2978 Hegionem),

388 3000 443 3065 vel
466 3017 486 3063 a
508 3017 617 3064 rerum
640 3009 761 3064 natura
784 3000 868 3080 ipsa:

444 3107 538 3189 1343
625 3107 720 3175 ἵππος
742 3105 911 3192 τρέχωνῃ)

443 3214 537 3296 134,5
553 3231 598 3292 sq.
623 3214 710 3294 ὄρνις
734 3214 897 3284 ὠκύτατος

366 3354 367 3358 ¹
443 3321 506 3384 136
521 3338 566 3400 sq.
621 3320 714 3402 βέλος
735 3328 773 3403 τῇ
797 3321 929 3402 ὀξυτάτῃ
955 3321 1042 3403 ῥύμῃ
1066 3323 1273 3404 κεχρημένον.
1284 3319 1323 3400 ⁷⁸)

226 3475 440 3482 ——-.—

313 3569 347 3635 ⁶⁹)
367 3569 406 3623 bf.
422 3568 504 3623 otiam
524 3569 592 3622 Xon.
607 3567 716 3622 Memor.
731 3568 779 3635 IV,
795 3569 820 3634 3,
834 3569 858 3623 8.
874 3570 899 3623 9.

314 3650 348 3719 ⁷⁰)
367 3650 470 3704 Bollius
489 3649 518 3702 in
537 3649 764 3703 commentatione
783 3666 864 3716 quam
883 3665 966 3718 supra
983 3649 1056 3719 (vido
1075 3651 1137 3704 adn.
1152 3651 1187 3704 43
1206 3667 1269 3720 pag.
1284 3652 1329 3721 20)
1349 3652 1404 3706 iam

225 3731 431 3785 commemoravi
448 3729 578 3798 „Studien
592 3729 657 3782 iiber
672 3729 799 3782 Claudius
812 3729 996 3797 Ptolemiius“‚
1010 3730 1039 3783 in
1052 3731 1184 3786 Fleckeis.
1198 3732 1297 3787 Annal.
1310 3731 1403 3800 Suppl.

224 3811 277 3864 vol.
292 3810 358 3864 XXI
371 3810 474 3879 (1895),
489 3825 550 3876 11011·
567 3809 617 3863 135
630 3825 687 3876 sqq.
707 3814 736 3863 et
757 3810 807 3863 190
824 3826 883 3877 sqq.
904 3811 1102 3865 demonstravit
1125 3827 1157 3866 ea
1181 3827 1250 3878 quae
1271 3811 1404 3881 leguntur

224 3889 295 3945 Plin.
308 3891 372 3945 Nat.
386 3891 457 3944 Hist.
472 3891 510 3957 ΙΙ,
528 3891 668 3944 105-110
681 3893 710 3944 et
726 3891 867 3944 189-190
885 3907 1010 3945 manasse
1028 3907 1045 3944 a
1062 3891 1216 3946 Posidonio.

315 3971 347 4038 ⁷¹)
367 3970 465 4026 Confer
489 3971 540 4024 heo
566 3971 599 4024 de
626 3986 656 4024 re
682 3970 781 4024 Herod.
801 3971 880 4038 VIII,
898 3972 942 4038 98,
967 3971 1100 4039 imprimis
1121 3971 1189 4026 Xen.
1208 3972 1304 4040 Cyrop.
1323 3973 1402 4041 VIII,

225 4051 250 4118 6,
262 4050 348 4200 1783)
367 4129 466 4184 Confer
483 4130 699 4197 Herod.1,216:
720 4132 820 4198 Equus,
841 4132 939 4199 quippe
959 4132 1005 4199 qui
1028 4133 1148 4186 omnium
1166 4132 1324 4187 animalium
1343 4138 1402 4188 ute·

224 4216 301 4265 retur
319 4210 438 4263 maxima
456 4209 605 4277 eeleritate,
625 4211 735 4264 deorum
754 4213 904 4279 putabatur
926 4228 985 4267 esse
1002 4228 1085 4268 sacer.
1126 4213 1216 4267 Velim
1239 4214 1345 4282 cogites
1367 4214 1401 4269 de

225 4290 296 4344 SOhS
315 4289 783 4439 &gusseragcefflnifiearggogffipbrchen
793 4372 958 4440 Fragmenta
968 4374 1016 4428 des
1025 4373 1228 4440 Eratosthenes,
1239 4375 1311 4442 lips.
1324 4373 1401 4441 1880,

224 4466 286 4518 pag.
302 4450 350 4503 101
372 4449 433 4504 vult
451 4448 536 4503 tribui
554 4449 626 4503 huno
644 4449 731 4504 looum
750 4451 927 4506 Erotostheni
946 4453 1021 4505 nulla
1040 4454 1127 4507 allata
1146 4468 1228 4508 eausa
1241 4454 1401 4509 necessaria.
