3425 5192
624 463 914 544 ¹--oo--

323 635 411 705 δργάς·
449 637 618 704 σωματικὰ
635 636 659 690 δ’
678 635 786 694 ἁπλῶς
803 634 932 704 πυρετοὺς
949 636 1105 706 περιψύξεις
1122 636 1271 695 πυκνώσεις
1289 635 1390 705 ἀραιώ-

323 741 384 784 σεις·
426 725 500 794 περὶ
523 725 633 794 ψυχὴν
655 724 689 778 δὲ
712 726 880 793 σωματικὰ
902 725 1053 795 ληθάργους
1077 726 1246 794 μελαγχολίας
1274 725 1390 794 δηγμοὺς

323 816 468 884 φαντασίας
491 815 631 883 διαχύσεις·
671 813 828 868 ἀνάπαλιν
850 813 885 868 δὲ
909 814 983 882 περὶ
1005 821 1097 882 σῶμα
1119 815 1247 884 φυχικὰ
1268 816 1390 883 τρόμους,

322 903 368 957 καί
388 902 529 972 ὠχριάσεις
546 903 592 957 καί
609 903 755 973 μεταβολὰς
773 909 819 956 τοῦ
837 903 925 962 εἴδους
942 904 1010 957 κατὰ
1027 905 1115 974 φόβον
1132 904 1149 972 ἢ
1168 904 1260 972 λύπην,
1348 977 1352 984 Ι

217 1003 263 1074 25)
282 1003 335 1058 Str.
357 1003 408 1057 196
435 1001 484 1055 εἷσέ
506 999 555 1070 μἐν
577 1001 625 1055 σόν
641 1001 757 1071 μαχηταί
778 1001 872 1060 πάντες
890 1009 922 1070 τῇ
940 1002 1032 1070 φύσει,
1054 1004 1188 1071 κρείττους
1206 1002 1231 1055 δ’
1250 1001 1355 1055 ἱππόται
1373 1001 1389 1070 ἢ

321 1093 404 1154 πεζοί.
954 1118 958 1124 ·

217 1189 262 1261 26)
282 1189 345 1247 Str.
360 1191 412 1244 198
440 1189 486 1242 καὶ
505 1188 533 1242 τό
550 1188 599 1257 μὲν
616 1195 722 1257 πρῶτον
740 1187 840 1257 ἀηθίζ
843 1189 951 1255 εσθαι,
969 1189 1034 1256 μετὰ
1051 1188 1081 1242 δὲ
1098 1196 1178 1243 ταῦτα
1197 1187 1287 1258 φέρειν
1298 1184 1391 1257 πρᾴως

322 1278 366 1332 διὰ
386 1277 433 1348 τὴν
451 1278 635 1346 συνήθειαν.

511 1472 559 1530 13.
586 1468 825 1534 Dotormimotio
850 1468 1078 1548 (hendiadys).

395 1590 467 1645 Vide
484 1589 534 1644 sub
553 1590 589 1661 5),
609 1605 672 1658 pag.
693 1590 728 1643 64
745 1605 793 1660 sq„
813 1589 946 1658 imprimis
965 1590 999 1644 65
1018 1588 1071 1659 (21,
1091 1589 1133 1658 26,
1153 1589 1213 1659 ool
1318 1627 1322 1632 -

568 1783 616 1841 14.
648 1780 858 1856 Distributio,
881 1780 1044 1856 gradatio.

219 1903 247 1973 1)
264 1902 334 1959 Ath.
354 1901 435 1959 2721.
467 1907 668 1969 καταφονεῦσαι·
685 1899 733 1969 μὲν
752 1899 812 1960 τοὺς
830 1899 872 1953 ἐπὶ
895 1906 949 1953 τῶν
965 1901 1101 1968 μετάλλων
1119 1900 1255 1969 φύλακας,
1278 1901 1392 1955 καταλα-

321 1991 418 2061 βέσθαι
436 1990 466 2044 δὲ
483 1990 531 2059 τὴν
548 1989 589 2044 ἐπί
608 1991 714 2059 Σουνίῳ
732 1989 877 2059 ἀκρόπολιν
900 1989 946 2043 καί
970 1990 1012 2043 ἐπὶ
1036 1989 1119 2043 πολύν
1136 1992 1233 2060 χρόνον
1257 1990 1393 2058 πορθῆσαι

325 2079 373 2149 τὴν
389 2079 511 2148 Ἀττικήν.

218 2179 246 2249 2)
265 2177 329 2234 Ath.
349 2179 427 2232 5940.
465 2183 552 2254 χορῷ,
558 2177 663 2246 μεγάλῳ
682 2176 727 2230 καὶ
744 2179 876 2236 παντοίοις
894 2177 1014 2245 ὀργάνοις
1032 2178 1078 2230 καί
1096 2178 1271 2245 συμφωνίαις.

217 2276 246 2348 3)
264 2276 298 2332 D.
316 2276 350 2347 V,
370 2277 412 2346 31,
437 2277 455 2330 4
485 2276 516 2328 τὰ
537 2275 694 2344 χαριστήρια
719 2283 772 2334 τοῖς
799 2276 872 2334 θεοῖς
900 2295 979 2345 φασι
1002 2276 1069 2330 δεῖν
1090 2276 1258 2346 προσφέρειν,
1281 2275 1327 2330 καὶ
1350 2274 1394 2328 διὰ

323 2365 425 2420 τούτων
443 2367 566 2419 οἴονται
585 2365 653 2418 δεῖν
670 2364 771 2433 τάγαθὰ
788 2365 924 2420 αἰτεῖσθαι.

218 2464 246 2535 4)
263 2464 297 2518 D.
319 2464 350 2534 V,
370 2464 447 2534 3l‚5
481 2463 580 2522 τούτοις
602 2463 712 2530 μάλιστα
734 2464 870 2517 πείθονται
893 2462 939 2516 καὶ
963 2470 1016 2521 τοῖς
1044 2462 1193 2531 μελῳδοῦσι
1219 2470 1338 2531 ποιηταῖς
1361 2462 1393 2516 οὐ

323 2554 406 2620 μόνον
424 2553 453 2605 οί
469 2553 548 2623 φίλοι,
567 2551 696 2606 ἀλλὰκαὶ
714 2553 742 2605 οἱ
756 2552 883 2618 πολέμιοι.

217 2651 244 2720 5)
262 2652 300 2707 l).
320 2651 355 2722 V,
374 2652 420 2720 39,
440 2651 457 2706 6
485 2653 518 2704 a!
533 2649 591 2719 μὲν
609 2659 761 2719 γυναῖκες
779 2650 919 2722 ἀνδρῶν,
939 2652 972 2704 οἵ
987 2649 1022 2704 δὲ
1039 2651 1153 2720 ἄνδρες
1171 2651 1300 2719 θηρίων
1318 2650 1394 2718 ἔχου·

324 2760 366 2793 σιν
383 2740 501 2793 εὐτονίαν
519 2739 565 2793 καὶ
583 2738 676 2808 ἀλκήν.

219 2839 245 2907 6)
265 2841 301 2895 Ι).
320 2838 355 2910 V,
374 2840 420 2910 40,
439 2841 455 2892 3
484 2838 598 2908 (ἐσθῆσι)
617 2838 842 2906 πολυτελεστέραις
860 2837 878 2905 ἢ
896 2837 1015 2909 κατὰῃθ)
1034 2836 1161 2905 δουλικὴν
1178 2837 1262 2899 ἀξίαν.

219 2935 246 3005 7)
265 2936 306 2990 Pl.
320 2936 435 2991 11111245
463 2935 510 3005 τὴν
526 2937 633 3004 μακρὰν
651 2936 718 3005 ἄλην
736 2936 816 2989 αύτοῦ
835 2935 882 2989 καί
900 2936 986 3005 φυγὰς
1004 2935 1050 2989 καὶ
1068 2935 1207 2994 κινδύνους
1222 2935 1264 2988 διὰ
1283 2943 1330 3004 γῆς
1348 2935 1394 2987 καὶ

323 3025 454 3094 θαλάττης
472 3025 653 3093 έλαυνομόνου.

218 3122 246 3192 8)
265 3123 307 3178 Pl.
321 3122 387 3177 Mar.
403 3123 437 3177 45
466 3121 585 3193 ἐνέβαλεν
603 3123 639 3182 εἰς
652 3123 748 3181 πότους
760 3122 853 3176 ἔαυτόν
865 3122 911 3175 καί
928 3121 1014 3190 μέθας
1027 3121 1134 3190 ἀώρους
1146 3120 1192 3174 καί
1209 3120 1264 3189 παῤ
1282 3120 1393 3190 ἡλικίαν.

659 3317 706 3374 15.
731 3313 949 3389 Comparatio.

221 3443 435 3513 1)Ath.152b.
472 3442 552 3511 μέσος
575 3441 605 3496 δὲ
633 3441 701 3512 (scil.
726 3442 851 3513 κάθηται)
880 3443 896 3495 δ
917 3442 1054 3511 κράτιστος
1082 3441 1124 3501 ὡς
1152 3441 1188 3495 ἂν
1210 3448 1395 3511 κορυφαῖος
1467 3488 1470 3492 .

325 3552 439 3601 χορου.

220 3630 248 3700 2)
266 3631 301 3685 Ι).
320 3631 353 3702 V,
372 3631 415 3699 28,
435 3632 452 3686 3
484 3631 512 3684 ot
528 3629 551 3683 δ’
570 3629 682 3699 εὐγενεῖς
705 3630 750 3689 τὰς
771 3628 821 3698 μὲν
844 3630 953 3698 παρειὰς
976 3630 1166 3694 άπαλεαίνουσι,
1189 3628 1234 3688 τὰς
1252 3629 1277 3682 δ’
1295 3627 1395 3697 ὗπήνας

324 3719 459 3787 ἀνειμένας
478 3719 565 3784 ἐῶσιν,
584 3721 652 3774 ὥστε
671 3719 701 3772 τὰ
719 3719 833 3786 στόματα
851 3718 941 3772 αὐτῶν
958 3717 1188 3773 ἐπικαλύπτεσθαι.
1220 3718 1311 3786 διόπερ
1323 3717 1395 3771 ε’σθι-

325 3809 411 3862 όντων
427 3808 477 3876 μὲν
495 3808 582 3862 αὐτῶν
600 3808 770 3877 ἐμπλέκονται
792 3815 848 3865 ταῖς
875 3815 999 3876 τροφαῖς,
1020 3808 1150 3860 πινόντων
1167 3805 1197 3859 δὲ
1214 3807 1396 3875 καθαπερεί

326 3896 379 3950 διά
398 3917 484 3956 τινος
502 3898 611 3966 ἡθμοῦ
631 3896 763 3966 φέρεται
782 3895 811 3948 τό
828 3897 910 3963 πόμα.

220 3996 247 4066 3)
268 3996 310 4052 Pl.
329 3995 396 4050 Mar.
416 4012 438 4049 c.
460 3996 489 4049 ll
531 3994 691 4063 (ἠγνοοῦντο)
710 3996 775 4054 τίνες
794 3995 865 4052 ὄντες
884 3993 1038 4060 ἀνθρώπων
1056 3992 1073 4061 ἢ
1090 3993 1176 4046 πόθεν
1194 3992 1396 4061 ὁρμηθέντες

326 4086 435 4151 ὥσπερ
454 4085 553 4152 νέφος
573 4083 708 4150 ἐμπέσοιεν
726 4084 839 4152 Γαλατίᾳ
857 4082 903 4136 καὶ
919 4083 1022 4150 Ἰταλίη.

221 4183 250 4253 4)
268 4181 310 4236 Pl.
329 4180 396 4236 Mar.
417 4198 438 4236 ο.
460 4182 490 4237 ll
526 4180 618 4249 θυμόν
636 4180 666 4233 δὲ
684 4181 729 4233 καὶ
752 4182 850 4249 τόλμαν
867 4180 1039 4234 ἀνυπόστατοι
1057 4179 1103 4233 καί
1125 4186 1223 4248 χειρῶν
1245 4180 1308 4248 ἔργα
1325 4179 1397 4248 παρὰ

326 4269 371 4329 τὰς
389 4271 477 4340 μάχας
495 4271 627 4338 ὀξύτητι
646 4269 700 4323 καὶ
718 4271 772 4340 βίᾳ
789 4269 893 4338 πυρός
911 4269 1056 4328 ἐοικότες
1075 4265 1195 4337 ε’πῄεσαν.

293 4484 397 4556 1¹⁰)(2f.
418 4501 499 4554 supra
517 4501 543 4554 p.
563 4485 597 4538 47
617 4483 671 4553 (ad.
691 4484 789 4540 Cleom.
808 4500 834 4552 p.
854 4483 914 4553 152,
934 4483 1046 4552 2781)·
