3425 5192
702 428 923 491 -27..

354 633 356 638 ·
385 603 490 668 minus
527 605 667 669 ducenta
703 603 820 668 stadia.
875 603 967 686 Quod
999 603 1032 668 ‘si
1071 603 1237 669 nobiscum
1269 609 1401 685 reputa-

386 730 465 794 0100,
496 711 568 776 fieri
599 729 662 774 non
695 715 812 792 potest,
845 710 923 789 quin
947 710 1023 776 solis
1054 711 1244 793 magnitudo
1268 729 1399 792 respon-

386 819 463 882 deat
495 817 564 882 eius
596 816 775 882 velocitati.
822 816 887 882 Sed
920 835 989 881 cum
1024 816 1133 882 nullus
1167 822 1275 882 exstet
1297 822 1404 883 motus

385 922 441 1003 qui
480 923 591 1003 011000
631 942 671 988 ex
709 929 805 1004 parte
843 924 1033 1004 aequiperet
1075 923 1246 990 celeritate
1282 929 1404 990 motum

385 1031 505 1114 mnndi,
538 1036 791 1096 consentaneum
825 1036 876 1096 est
907 1050 944 1096 re
976 1049 1056 1098 vera
1088 1031 1188 1096 solem
1220 1049 1283 1096 non
1311 1033 1404 1097 modo

385 1156 449 1203 11011
482 1155 554 1203 0000
584 1139 740 1221 pedalem,
774 1139 831 1202 sed
863 1137 964 1203 etiam
996 1139 1097 1203 multo
1131 1137 1285 1202 maiorem
1308 1157 1404 1219 quam

388 1244 504 1324 specie.

331 1367 366 1452 b)
387 1371 459 1451 134,
477 1370 570 1432 15-
584 1370 655 1452 136,
672 1371 722 1433 22.
768 1369 854 1434 Illud
878 1370 963 1448 quod
995 1369 1136 1449 positum
1164 1374 1215 1434 est
1244 1370 1405 1449 probatur

342 1528 345 1536 .
388 1476 487 1540 etiam
502 1481 592 1540 motu
606 1495 701 1556 quem
715 1477 806 1541 modo
822 1475 1140 1542 commemoravimus
1158 1475 1276 1540 mundi.
1313 1475 1405 1557 erod

385 1581 420 1646 in
440 1587 534 1661 tanto
549 1587 681 1662 tamque
703 1582 830 1666 ingenti
854 1588 943 1647 motu
966 1581 1082 1662 pedale
1105 1600 1176 1647 esse
1199 1581 1292 1646 nobis
1315 1583 1404 1648 vide-

387 1696 442 1753 tur
474 1689 726 1772 (intellegendus
758 1695 809 1754 001
840 1690 901 1773 001)
934 1708 970 1754 re
1008 1708 1087 1754 vera
1123 1689 1255 1754 minime
1291 1690 1405 1771 pedale

388 1800 516 1860 tantum
539 1800 598 1861 est.

440 1919 532 2002 Quae
555 1938 607 1984 res
631 1925 668 1985 01
692 1919 846 2001 exemplis
869 1920 930 1985 fiat
952 1919 1081 2000 planior
1098 1925 1197 2000 atque
1211 1919 1402 2002 evidentior,

388 2026 472 2107 petit
496 2027 635 2107 scriptor
658 2027 839 2108 exemplum
853 2047 874 2092 a
888 2045 997 2100 rerum
1011 2026 1216 2092 Persicorum
1239 2027 1402 2092 memoria.

386 2135 436 2198 Ac
451 2134 525 2199 dein
540 2140 577 2200 ut
591 2136 790 2200 demonstret
813 2135 879 2198 iam
904 2133 1200 2212 antiquissimorum
1223 2137 1403 2214 temporum

386 2241 531 2308 homines
555 2240 618 2308 sibi
640 2240 842 2323 persuasisse
865 2241 1018 2304 mundum
1041 2240 1169 2322 ingenti
1190 2239 1272 2305 ierri
1292 2241 1403 2305 celeri-

387 2352 458 2412 tate
472 2367 593 2429 paucos
604 2347 699 2412 affert
709 2367 824 2414 versus
835 2347 1025 2413 Homericos
1039 2346 1093 2431 (ci.
1105 2347 1143 2412 Il.
1155 2347 1194 2430 V,
1206 2348 1405 2428 vlo-772).

336 2472 366 2556 c)
393 2475 465 2557 131,
481 2475 522 2538 23
538 2511 573 2518 -
590 2475 662 2554 138,
678 2476 707 2538 5,
753 2473 859 2538 Solem
873 2491 937 2538 non
952 2491 1023 2538 esse
1036 2473 1184 2553 pedalem
1204 2474 1404 2538 demonstra-

391 2585 446 2644 tur
469 2598 595 2660 000000
617 2579 827 2662 hydrologiis.

441 2705 523 2769 Nam
550 2705 607 2769 illo
635 2710 780 2785 tempore
809 2724 871 2786 000
900 2705 949 2770 001
972 2705 1041 2786 ipse
1064 2709 1154 2769 10100
1178 2703 1283 2769 oritur
1305 2721 1407 2784 supra

394 2811 568 2894 finientem,
592 2813 730 2894 cyathus
755 2812 860 2878 effluit
883 2830 974 2877 unus
1022 2810 1085 2891 Sed
1109 2830 1181 2875 cum
1204 2812 1313 2875 eodem
1328 2815 1409 2874 tem·

393 2918 480 2998 poris
500 2918 615 3000 spatio,
640 2937 701 2997 quo
725 2919 773 2983 sol
796 2919 962 2999 proprium
977 2916 1119 2983 absolvit
1138 2916 1301 2995 cuculum,
1326 2935 1410 2995 aqua

393 3041 457 3087 non
485 3023 652 3088 desinente
686 3023 806 3089 effundi
839 3024 952 3104 cyathi
975 3023 1112 3088 effluant
1136 3024 1209 3105 750,
1243 3022 1314 3086 fieri
1346 3041 1410 3087 non

393 3134 509 3212 potest,
533 3130 620 3214 quin,
644 3129 672 3194 si
696 3131 743 3195 001
766 3130 892 3211 pedalis
915 3134 1044 3195 tantum
1068 3134 1162 3212 00001,
1187 3129 1326 3194 circulus
1340 3129 1409 3193 eius

396 3237 458 3300 750
482 3237 598 3317 pedum
623 3243 717 3302 00001.

318 3358 423 3442 Quam
446 3361 606 3426 rationem
628 3361 726 3444 primi
749 3361 954 3444 excogitasse
977 3361 1130 3426 dicuntur
1145 3359 1359 3445 Aegyptii.⁵⁰)

336 3484 370 3570 d)
392 3487 464 3570 138,
480 3488 637 3569 6-140,
654 3488 704 3552 22.
751 3488 900 3568 Apparet
932 3486 1071 3565 denique
1102 3486 1183 3550 illud
1212 3505 1253 3550 ex
1279 3485 1402 3550 umbris

393 3611 476 3673 0000
500 3593 732 3673 aequinoctiali
755 3599 901 3676 tempore
922 3594 1006 3658 fiunt
1029 3598 1088 3658 aut
1115 3612 1178 3658 non
1202 3593 1291 3658 fiunt.
1337 3593 1408 3657 Ηο0

392 3701 475 3766 euim
499 3706 643 3783 tempore
667 3702 885 3767 observantur
908 3703 1002 3766 haec:

391 3826 424 3910 a)
446 3829 517 3909 138,
534 3828 652 3892 6-12.
698 3826 781 3892 80110
796 3827 1019 3892 dimetientem
1035 3830 1204 3890 extensam
1217 3841 1289 3889 0000
1304 3842 1407 3904 00000

446 3933 551 4012 spatio
576 3940 676 4014 atque
699 3933 859 4016 porticum
882 3932 1049 3997 meridiem
1068 3949 1182 3998 versus
1206 3935 1407 4010 spectantem

446 4038 520 4103 inde
544 4041 751 4123 cognoscitur
774 4042 857 4119 quod
882 4040 978 4105 huius
1001 4039 1168 4103 columnae
1191 4037 1317 4102 oriente
1340 4038 1407 4101 sole

322 4301 355 4371 ⁵⁰)
374 4301 408 4354 In
426 4301 477 4354 hac
495 4318 549 4354 una
568 4309 676 4357 tantum
695 4305 800 4359 ratione
820 4303 947 4359 omissum
962 4309 1005 4358 est
1017 4303 1178 4357 concludere
1195 4303 1254 4356 fieri
1267 4318 1322 4355 non
1334 4317 1410 4368 posse

233 4386 264 4434 ut
282 4381 322 4434 sol
340 4388 413 4436 esset
431 4381 543 4449 pedalis.
581 4382 662 4435 Curius
681 4399 749 4449 quae
767 4384 938 4438 desideratur
956 4382 1135 4437 conclusionis
1154 4382 1241 4437 locum
1260 4381 1367 4436 obtinet
1381 4382 1410 4434 id

232 4462 304 4528 quod
322 4461 422 4514 dicitur
441 4464 474 4517 de
492 4462 645 4530 Aegyptiis.
