3425 5192
685 393 904 456 ..65-

318 568 453 636 ᾑμαγμένα
471 569 717 637 λαφυραγωγοῦσιν,
746 565 1024 626 ἐπιπαιανίζοντες
1046 561 1100 615 καὶ
1128 563 1257 629 ᾅδοντες
1280 559 1379 627 ὕμνον

215 665 220 672 ”
319 656 491 725 ἐπινίκιον,
517 657 562 709 καί
581 656 611 709 τὰ
629 656 770 723 ἀκροθίνια
788 661 867 707 ταῦτα
886 660 939 711 ταῖς
958 652 1052 709 οἰκίαις
1073 651 1249 719 προσηλοῦσιν
1267 648 1379 716 ὡσπερεὶ

320 745 347 798 έν
366 747 500 812 κυνηγίοιις
518 745 566 797 τισί
585 743 772 814 κεχειρωμένοι
789 742 880 810 θηρία.

213 833 240 904 9)
259 833 292 888 D
306 833 339 896 V,
352 834 394 901 30,
412 835 423 886 1
449 833 542 901 ε’σθησι
556 831 585 885 δὲ
596 839 711 901 χρῶνται
725 831 957 899 καταπληκτικαις,
971 834 1062 896 χιτῶσι
1074 825 1123 895 μὲν
1135 828 1246 948 βαπτοῖς
1256 823 1381 893 χρώμασι

318 923 492 979 παντοδαποῖς
511 921 711 1026 διηνθισμένοις.

214 1011 258 1076 10)
278 1012 314 1065 D.
334 1011 368 1080 V,
387 1011 432 1080 31,
453 1011 467 1064 l
496 1028 542 1061 και
564 1017 631 1067 ταῖς
655 1015 779 1076 φωναῖς
801 1009 980 1076 βαρυηχεῖς
1008 1024 1054 1056 και
1080 1004 1243 1061 παντελῶς
1264 1000 1381 1069 τραχύ·

320 1117 435 1166 φωνοι.

215 1186 259 1254 11)
280 1189 314 1240 ΙΙ.
333 1186 368 1243 V.
387 1187 465 1254 31,1
494 1184 693 1255 βραχυλόγοι
712 1184 758 1237 καὶ
775 1183 976 1250 αἰνιγματίαι
998 1181 1044 1234 καί
1066 1177 1219 1235 τὰπολλὰ
1241 1177 1381 1232 αἰνιττό-

318 1293 408 1340 μενοι
426 1275 683 1342 συνεκδοχικῶς.
1359 1274 1362 1278 ’

215 1363 258 1432 12)
276 1363 309 1417 D.
329 1364 362 1432 V,
382 1363 424 1426 31,
444 1364 460 1417 3
488 1362 533 1416 καί
549 1364 673 1421 πεσόντος
691 1368 737 1414 τοῦ
754 1360 893 1428 πληγέντος
911 1360 942 1412 έιι
961 1367 1007 1428 τῆς
1024 1357 1159 1416 πτώσεως.

215 1451 258 1518 13)
277 1451 309 1504 D.
329 1451 363 1516 V,
382 1451 426 1514 32,
446 1453 461 1504 7
489 1450 530 1502 ἐπὶ
549 1451 638 1517 δοραῖς
656 1450 768 1517 θηρίων.
788 1479 821 1488 -
842 1449 875 1502 cl.
894 1448 927 1516 V,
948 1449 990 1512 39,
1011 1449 1035 1502 7.

215 1538 259 1609 14)
277 1540 314 1594 Ι).
334 1539 369 1610 V,
388 1540 434 1608 39,
453 1540 470 1594 5
498 1538 525 1590 έν
542 1558 607 1591 τισιν
625 1537 750 1591 εὐτελέσιν
768 1536 904 1589 ἐπαύλεσιν
922 1534 939 1605 ἢ
958 1536 1068 1594 καλιαῖς.

214 1626 258 1696 15)
277 1628 314 1683 l).
332 1626 368 1696 V,
387 1628 434 1697 99,
453 1628 469 1682 5
500 1626 528 1678 έν
546 1633 600 1683 ταῖς
619 1625 719 1682 κοίλαις
736 1624 840 1692 πέτραις
859 1623 905 1676 καί
924 1624 1058 1691 σπηλαίοις
1075 1623 1225 1692 αὐτοφυέσι.

214 1714 257 1781 16)
276 1715 313 1769 Ι).
331 1714 367 1785 V,
386 1715 432 1782 36,
450 1715 467 1768 6
494 1713 538 1766 τάν
556 1714 665 1781 ἀρχαῖον
683 1714 728 1766 καὶ
746 1711 927 1768 ἀκατάσκευον
944 1713 1010 1780 βίον.

216 1802 311 1872 17)Ι).
331 1801 364 1871 V,
384 1801 427 1870 39,
446 1803 461 1855 7
488 1801 612 1868 όπλισμδν
635 1802 694 1854 δ”
678 1821 781 1869 εχουσιν
804 1801 831 1853 σί
852 1800 948 1867 Δίγυες
971 1800 1146 1870 έλαφρότερον
1168 1807 1222 1854 τῶν
1241 1800 1364 1867 Ῥωμαίω
1342 1820 1382 1856 ων

318 1897 350 1956 τῇ
368 1897 527 1957 κατασκευῇ

213 1976 258 2046 18)
276 1979 313 2033 D.
331 1978 367 2049 V,
386 1979 433 2049 49,
451 1980 468 2033 5
495 1977 669 2047 βουνοειδέσιν
687 1977 848 2046 ἀναστήμασι
867 1979 955 2031 τόπων
973 1977 1118 2046 διείληπται
1135 1998 1254 2047 γεωργησ
1256 1979 1331 2046 μοις

213 2064 258 2133 19)
275 2065 309 2120 D.
328 2065 454 2136 XXXIV,
474 2067 547 2131 2,19
575 2065 680 2134 σφοδρὰ
698 2067 805 2125 κόλασις
823 2074 869 2133 τῆς
887 2068 1021 2136 τιμωρίας.

211 2153 256 2223 20)
274 2153 308 2208 D.
327 2153 452 2224 XXXIV,
471 2154 496 2218 2,
515 2153 549 2208 25
577 2154 734 2214 ἀνελπίστως
753 2155 798 2208 κατ’
815 2155 982 2222 παραδόξως.

211 2241 257 2310 21)
275 2243 312 2296 D.
331 2242 469 2313 XXXIV,
488 2244 515 2314 2,
534 2243 570 2297 26
597 2243 823 2312 ὑπερηφανίαν
840 2243 887 2296 καί
905 2244 1008 2312 ὕβριν.

211 2329 257 2398 22)
276 2329 325 2385 Pl.
344 2331 422 2386 Mar.
441 2343 468 2386 υ.
486 2332 522 2386 45
548 2333 705 2401 βραχεῖαν
723 2332 890 2399 ἐπίσχεσιν
908 2331 954 2384 καί
971 2331 1095 2386 παῦλαν
1112 2332 1230 2402 ὀλίγην.

211 2417 257 2489 23)
274 2418 324 2474 ΡΙ.
343 2419 420 2473 Har.
440 2435 467 2475 e.
486 2420 520 2473 45
549 2427 615 2478 τοῖς
638 2441 668 2472 τε
690 2421 802 2479 πόνοις
824 2419 1013 2487 ἀπειρηκώς
1036 2420 1083 2472 καί
1100 2429 1154 2480 ταῖς
1173 2423 1307 2489 φροντίσιν
1324 2421 1380 2475 οίον

317 2506 473 2574 ὑπέραντλος
492 2508 530 2560 ῶν
548 2508 602 2560 καί
621 2507 811 2566 κατόπονος.

210 2594 256 2664 24)
275 2595 317 2648 Pl.
336 2595 402 2650 Mar.
422 2611 443 2649 e.
462 2597 497 2649 45
524 2596 584 2649 νέου
602 2597 717 2663 πολέμου
736 2595 781 2649 καί
799 2602 901 2649 καινῶν
918 2595 1037 2663 ἀγώνων.

210 2683 256 2753 25)
274 2683 316 2739 ΡΙ.
335 2684 402 2739 Mar.
422 2701 444 2738 c.
457 2684 492 2738 29
523 2686 582 2738 Τῶν
600 2684 629 2738 δὲ
644 2686 818 2751 Ῥωμαίων..
830 2725 854 2739 ..
874 2686 968 2739 δεινῶν
985 2684 1034 2751 μέν
1050 2683 1115 2738 εἶναι
1132 2685 1246 2753 πόλεμον
1262 2706 1379 2756 μεταχει-

316 2773 440 2841 ρίσασθαι
459 2773 505 2827 καὶ
524 2775 649 2843 φοβερῶν
667 2775 703 2832 εἰς
721 2783 810 2842 χεῖρας
830 2774 917 2826 ἐλθεῖν
934 2773 1121 2841 νομιζομένων.

210 2939 256 3008 26)
274 2940 345 2994 ltl.
364 2940 442 2997 214b.
468 2941 662 3009 προβασανίσας
680 2940 726 2993 καί
744 2942 918 3010 στρεβλώσας.

211 3027 256 3095 27)
275 3028 311 3083 l).
330 3027 468 3098 XXXIV,
488 3029 515 3099 2,
535 3029 569 3082 12
588 3028 725 3097 ἐνύβριζόν
742 3048 768 3081 τε
787 3029 833 3082 καί
851 3029 1036 3097 ἒνησέλγαινον.

671 3247 698 3305 6.
722 3244 918 3306 Translatio.

211 3371 237 3436 1)
256 3370 320 3425 Ath.
339 3371 417 3425 2741).
445 3377 566 3438 χορηγεῖν
583 3392 667 3426 τι.-
634 3372 727 3426 -ΟΙ,
747 3374 778 3426 D.
799 3375 925 3434 XXXII,
944 3374 970 3437 2,
988 3374 1013 3428 2.
1033 3376 1075 3431 36.
1095 3376 1190 3432 38.-
1209 3377 1262 3432 Str.
1283 3378 1341 3433 197.

209 3459 236 3526 2)
255 3460 292 3513 Ι).
312 3459 346 3530 V,
366 3461 446 3530 39,1
474 3459 602 3519 πλινθίοις
620 3469 730 3518 πυκνοῖς
748 3462 793 3513 καί
811 3462 978 3517 πολυανθέσι.

209 3547 287 3615 3)Ι).
308 3496 432 3617 XXXIV,
451 3547 476 3613 2,
498 3548 530 3601 17
557 3551 717 3616 μετεωρίζω.

209 3636 235 3701 4)
255 3636 483 3692 P1.Mar.e.1l
516 3634 586 3703 Ταχὺ
604 3637 690 3702 μέντοι
709 3636 752 3689 τόν
770 3638 874 3705 φθόνον
892 3645 982 3691 τοῦτον
1000 3637 1045 3691 καί
1064 3637 1094 3691 τὰ
1112 3640 1175 3706 μίση
1194 3639 1302 3699 καὶτὰς
1320 3643 1377 3696 δια·

313 3721 394 3792 βολὰς
412 3722 573 3790 ἀπεσκέδασε
592 3731 636 3776 τοῦ
655 3725 764 3792 Μαρίου
782 3724 828 3778 καὶ
845 3726 999 3794 μετέστησεν
1016 3726 1033 3778 ό
1049 3726 1191 3795 κατασχὼν
1208 3726 1255 3796 τὴν
1269 3728 1377 3783 Ἰταλίαν

314 3809 366 3862 ἀπὸ
379 3817 425 3878 τῆς
439 3809 549 3876 ἑσπέρας
563 3812 691 3882 κίνδυνος,
711 3813 765 3879 ἅμα
784 3819 821 3880 τῷ
838 3819 945 3881 πρῶτον
963 3813 991 3866 ἕν
1009 3815 1083 3881 χρεία
1100 3814 1214 3883 μεγάλου
1225 3809 1376 3884 ’στρατηγοῦ

314 3897 432 3964 γενέσθαι
461 3898 506 3950 καί
533 3899 744 3966 περισκέφασθαι
771 3901 818 3969 τὴν
844 3900 931 3965 πόλιν,
959 3901 982 3969 ᾦ
1015 3903 1165 3971 χρωμένη
1193 3906 1375 3977 κυβερνήτῃ

314 3983 524 4051 διαφεύξεται
543 3986 691 4040 κλύδωνα
708 3989 849 4056 πολέμου
869 3997 1029 4045 τοσοῦτον.

208 4071 236 4142 5)
255 4072 304 4127 ΡΙ.
323 4072 399 4126 Mar.
419 4087 446 4128 α.
465 4074 500 4127 45
528 4073 730 4139 ὑπέραντλος.

208 4159 236 4229 6)
255 4159 296 4215 Pl.
315 4161 382 4214 Mar.
401 4177 423 4214 c.
443 4161 477 4215 45
505 4160 648 4228 ἀπόδρασις
666 4170 719 4217 τῶν
737 4165 896 4233 φροντίδων.

690 4287 717 4341 Η
766 4289 887 4344 allae.

207 4380 235 4451 7)
253 4382 289 4436 1).
309 4380 344 4452 V,
364 4381 409 4450 39,
428 4381 446 4436 8
477 4379 585 4440 ἑαυτούς
603 4304 813 4450 ριπτοῦντέςρείς
831 4305 1039 4456 ἀεβοηθὴτους
1056 4388 1238 4460 κινδύνους,

1194 4547 1212 4604 5
