3425 5192
703 434 923 496 ...51-

441 609 536 680 αὐτός
559 611 578 674 6
600 612 687 693 ἥλιος
715 612 926 693 σβεννύμενος
955 611 1048 673 πάλιν
1079 610 1129 673 ἐπὶ
1160 610 1216 693 τὴν
1248 611 1403 694 ἀνατολὴν

439 719 655 800 παραγίνεται;

333 821 373 910 b)
393 824 475 889 Tros
512 823 754 890 enuntiationes
794 823 1053 906 interrogativae
1094 823 1255 906 incipiunt
1292 827 1403 890 eadem

387 949 466 997 voce
491 932 565 996 oon:

389 1039 462 1121 166,
477 1039 658 1120 22-168,
675 1041 702 1104 7.
747 1037 826 1102 Οὐκ
859 1039 1142 1121 inoptam...
1193 1037 1246 1102 06
1278 1039 1331 1102 καὶ
1365 1040 1402 1103 σὺ

441 1144 590 1210 οὗν....
615 1145 817 1228 ἀποφθαρεὶς
841 1147 1043 1228 οἰχήσῃ....
1066 1147 1136 1209 οὐκ
1159 1145 1344 1212 οἶσθα...

279 1250 310 1318 6.
333 1251 443 1317 Verba
494 1251 672 1316 ohiasmum
723 1270 817 1331 quem
870 1256 991 1318 vocant
1045 1251 1192 1317 efficiunt
1241 1251 1295 1338 (oi.
1318 1253 1401 1335 App.

331 1377 361 1440 p.
377 1361 419 1423 66
430 1364 503 1444 sq.):

319 1467 407 1550 Ι158,
423 1468 466 1530 24
476 1484 522 1546 sq.
559 1466 681 1548 μᾶλλον
709 1466 884 1534 ἀπολέσθαι
907 1466 963 1547 τὴν
989 1465 1143 1548 πρόνοιαν
1167 1469 1186 1548 ἢ
1212 1465 1402 1548 Ἐπίκουρον

384 1573 491 1656 ψευδῆ
514 1573 643 1654 λέγοντα
668 1573 864 1656 ἐλεγχθῆναι.

271 1679 300 1745 7.
323 1679 433 1744 Verba
465 1679 515 1746 ita
548 1683 626 1744 sunt
656 1679 764 1761 posita
793 1684 831 1744 ut
862 1678 1102 1760 parallelismus
1125 1679 1181 1760 qui
1204 1678 1324 1745 dieitur
1347 1699 1401 1746 ex·

331 1785 486 1851 hibentur
509 1784 562 1870 (of.
588 1804 687 1866 supra
710 1806 740 1866 p.
755 1787 796 1850 47
822 1787 865 1850 ad
890 1787 962 1869 152,
978 1785 1123 1871 aosqq.):

333 1894 406 1976 158,
422 1895 461 1956 21
475 1911 542 1973 sqq.
570 1894 691 1976 μᾶλλον
710 1892 902 1975 Ἐπίκουρον
925 1893 979 1957 καὶ
994 1892 1067 1963 τοὺς
1090 1892 1154 1956 ἀπὸ
1174 1901 1229 1976 τῆς
1251 1896 1402 1976 αἱρέσεως

384 2001 490 2083 ἀληθῆ
520 2000 619 2082 λέγειν
648 2001 821 2083 βούλεσθαι
851 2003 871 2082 ἢ
903 1999 1000 2070 θεοὺς
1022 2001 1076 2063 καὶ
1104 2001 1259 2081 πρόνοιαν
1281 2003 1315 2064 ἐν
1337 2009 1401 2071 τοῖς

384 2108 470 2178 ὅλοις
493 2107 579 2172 εἶναι.

333 2215 404 2298 164,
421 2216 461 2278 27
474 2233 519 2295 sq.
543 2214 620 2279 οὐδὲ
643 2214 703 2298 γὰρ
725 2213 813 2296 λιγὺν
837 2216 938 2297 ἔγωγε
960 2221 1071 2278 τοῦτον
1094 2217 1133 2278 ἄν
1159 2214 1214 2278 τὸν
1240 2213 1400 2298 Θερσίτην,

383 2323 534 2404 καθάπερ
553 2320 727 2393 Ὀδυσσεὺς
749 2323 880 2394 ἐκεῖνον,
903 2324 1028 2404 εἴποιμι.

312 2427 410 2492 Haud
433 2428 500 2494 scio
525 2447 567 2493 an
590 2427 704 2493 melius
728 2428 772 2495 sit
787 2428 933 2492 ordinem
946 2428 1120 2495 verborum
1134 2427 1198 2494 loci
1214 2430 1286 2512 164,
1302 2430 1342 2493 27
1354 2448 1400 2509 sq.

222 2539 340 2616 putare
364 2535 608 2616 oppositionem.
655 2534 714 2620 (Cf.
738 2537 821 2617 App.
845 2555 877 2616 p.
893 2537 936 2599 66
946 2554 992 2615 sq.
1016 2539 1050 2599 et
1074 2536 1114 2598 67
1126 2537 1207 2620 sqq.)

276 2640 307 2708 8.
329 2641 600 2724 Frequentantur
628 2642 760 2708 consilio
784 2644 922 2723 quodam
950 2661 1054 2723 parvo
1082 2642 1188 2724 spatio
1216 2641 1400 2709 intermisso

329 2752 441 2816 eadem
465 2749 646 2836 vo1·ba(oi.
669 2769 768 2832 supra
790 2769 865 2832 pag.
880 2751 950 2835 47);

333 2858 404 2940 158,
423 2859 473 2921 17.
500 2859 540 2921 19
553 2875 598 2936 Sq.
623 2859 674 2922 26.
698 2859 748 2920 ἐπὶ
770 2863 928 2922 τοσοῦτον.

278 2961 309 3028 9.
332 2962 442 3027 Verba
465 2962 501 3026 in
524 2963 628 3027 maius
652 2963 854 3028 extolluntur
878 2961 932 3045 (oi.
955 2963 1038 3044 App.
1062 2983 1092 3043 p.
1108 2964 1177 3047 66);

334 3070 406 3152 158,
422 3072 474 3134 29.
521 3071 730 3139 ἀτοπώτατος.

332 3177 404 3258 162,
421 3176 500 3255 Asq.
545 3181 650 3239 πᾶσαν
681 3176 767 3238 ι’ὁέαν
797 3177 850 3238 καὶ
877 3177 1062 3257 προπετείας
1093 3176 1148 3239 καὶ
1179 3177 1320 3258 ἀμαθίας
1342 3179 1397 3259 ἑμ-

382 3284 562 3365 φανίζοντα.

253 3389 308 3456 10.
330 3389 440 3454 Verba
464 3389 616 3455 dicuntur
638 3408 697 3470 per
720 3389 985 3471 euphemismum:

332 3499 404 3580 160,
420 3500 448 3562 5.
495 3497 622 3568 συνετὸς
644 3498 698 3561 καὶ
721 3498 893 3580 δαιμόνιος.

332 3606 404 3688 166,
421 3606 519 3685 27Sq.
564 3605 601 3669 τὰ
624 3606 745 3676 τούτοις
768 3605 917 3687 ἑπόμενα.

253 3709 306 3777 11.
329 3711 440 3776 Verba
463 3716 664 3794 usurpantur
686 3712 847 3776 translate
871 3709 916 3795 (cf
948 3711 1031 3793 App.
1054 3730 1083 3791 p.
1102 3712 1143 3774 65
1154 3710 1231 3796 sq.):

330 3819 403 3901 166,
419 3819 470 3882 27.
518 3819 775 3900 καταυλούμενος
808 3816 866 3902 (=
888 3817 917 3881 is
950 3817 1005 3897 qui
1036 3816 1192 3882 tibiarum
1221 3821 1320 3883 cantu
1348 3823 1398 3883 est

383 3924 538 3989 delinitus
562 3925 615 3992 vel
638 3924 786 4011 sopitus).

254 4027 307 4096 12.
328 4028 393 4094 Por
416 4030 710 4097 denominationem
735 4031 855 4096 dieitur
878 4030 933 4115 (oi.
956 4031 1039 4111 App.
1063 4049 1093 4111 p.
1108 4028 1177 4115 66);

331 4138 403 4218 168,
420 4139 449 4201 7.
497 4139 597 4220 ἡδονή
623 4136 678 4221 (=
693 4137 717 4203 ii
741 4137 796 4218 qui
818 4137 983 4220 voluptati
1006 4141 1083 4203 sunt
1104 4136 1228 4222 dediti).
1252 4136 1255 4144 '

311 4241 375 4307 Sed
408 4242 485 4323 quid
517 4262 596 4325 opus
629 4249 680 4308 est
702 4245 818 4324 plura?
850 4246 936 4310 Puto
961 4244 1047 4309 enim
1070 4243 1152 4309 satis
1176 4262 1246 4309 esse
1270 4245 1398 4309 demon·

221 4351 371 4432 stratum,
403 4368 501 4430 quam
528 4351 635 4416 nitida
658 4368 818 4431 quamque
842 4350 928 4416 omni
951 4351 1118 4416 rhetorum
1140 4369 1258 4431 pompa
1280 4355 1399 4416 oruata

221 4455 265 4522 sit
297 4456 501 4523 contentiosa
534 4462 567 4522 et
599 4475 732 4539 pugnax
765 4457 823 4522 illa
855 4456 969 4522 oratio.
1015 4457 1064 4521 Ac
1087 4456 1116 4521 si
1139 4456 1247 4521 omnio
1274 4475 1397 4522 meeum

1196 4564 1230 4614 4*
