<?xml version="1.0" encoding="UTF-8"?>
<!DOCTYPE html PUBLIC "-//W3C//DTD XHTML 1.0 Transitional//EN"
    "http://www.w3.org/TR/xhtml1/DTD/xhtml1-transitional.dtd">
<html xmlns="http://www.w3.org/1999/xhtml" xml:lang="en" lang="en">
 <head>
  <title>
</title>
<meta http-equiv="Content-Type" content="text/html;charset=utf-8" />
  <meta name='ocr-system' content='tesseract 3.04.00' />
  <meta name='ocr-capabilities' content='ocr_page ocr_carea ocr_par ocr_line ocrx_word'/>
</head>
<body>
  <div class='ocr_page' id='page_1' title='image "./qvaestionesposi00arnogoog_0022.png"; bbox 0 0 3425 5192; ppageno 0'>
   <div class='ocr_carea' id='block_1_1' title="bbox 806 357 1029 447">
    <p class='ocr_par' dir='ltr' id='par_1_1' title="bbox 806 357 1029 447">
     <span class='ocr_line' id='line_1_1' title="bbox 806 357 1029 447; baseline -0.009 -17"><span class='ocrx_word' id='word_1_1' title='bbox 806 357 1029 447; x_wconf 65' lang='lat'><strong>-20&#39;-</strong></span> 
     </span>
    </p>
   </div>
   <div class='ocr_carea' id='block_1_2' title="bbox 329 559 1511 1827">
    <p class='ocr_par' dir='ltr' id='par_1_2' title="bbox 329 559 1508 859">
     <span class='ocr_line' id='line_1_2' title="bbox 418 559 1508 644; baseline -0.004 -15"><span class='ocrx_word' id='word_1_2' title='bbox 418 564 495 630; x_wconf 84' lang='lat' dir='ltr'>Jam</span> <span class='ocrx_word' id='word_1_3' title='bbox 517 563 553 628; x_wconf 91' lang='lat' dir='ltr'>in</span> <span class='ocrx_word' id='word_1_4' title='bbox 576 562 617 628; x_wconf 87' lang='lat' dir='ltr'>iis</span> <span class='ocrx_word' id='word_1_5' title='bbox 642 581 725 642; x_wconf 90' lang='lat' dir='ltr'>qnae</span> <span class='ocrx_word' id='word_1_6' title='bbox 758 565 940 642; x_wconf 88' lang='lat' dir='ltr'>sequuntur</span> <span class='ocrx_word' id='word_1_7' title='bbox 972 560 1162 644; x_wconf 84' lang='lat' dir='ltr'>diligentius</span> <span class='ocrx_word' id='word_1_8' title='bbox 1195 560 1397 643; x_wconf 88' lang='lat' dir='ltr'>exploranda</span> <span class='ocrx_word' id='word_1_9' title='bbox 1428 559 1508 625; x_wconf 91' lang='lat' dir='ltr'>mibi</span> 
     </span>
     <span class='ocr_line' id='line_1_3' title="bbox 329 666 1508 753; baseline -0.004 -18"><span class='ocrx_word' id='word_1_10' title='bbox 329 669 482 753; x_wconf 83' lang='lat' dir='ltr'>proposui</span> <span class='ocrx_word' id='word_1_11' title='bbox 506 669 644 735; x_wconf 89' lang='lat' dir='ltr'>alterius</span> <span class='ocrx_word' id='word_1_12' title='bbox 667 668 745 734; x_wconf 83' lang='lat' dir='ltr'>libri</span> <span class='ocrx_word' id='word_1_13' title='bbox 760 669 871 750; x_wconf 89' lang='lat' dir='ltr'>capita</span> <span class='ocrx_word' id='word_1_14' title='bbox 885 667 902 732; x_wconf 93' lang='grc' dir='ltr'>Ι</span> <span class='ocrx_word' id='word_1_15' title='bbox 917 673 951 732; x_wconf 92' lang='lat' dir='ltr'>et</span> <span class='ocrx_word' id='word_1_16' title='bbox 965 666 1009 751; x_wconf 94' lang='grc' dir='ltr'>ΙΙ,</span> <span class='ocrx_word' id='word_1_17' title='bbox 1033 686 1116 747; x_wconf 87' lang='lat' dir='ltr'>quae</span> <span class='ocrx_word' id='word_1_18' title='bbox 1139 671 1208 732; x_wconf 92' lang='lat' dir='ltr'>tam</span> <span class='ocrx_word' id='word_1_19' title='bbox 1232 672 1309 748; x_wconf 88' lang='lat' dir='ltr'>apte</span> <span class='ocrx_word' id='word_1_20' title='bbox 1332 667 1508 732; x_wconf 78' lang='lat' dir='ltr'><strong>cohaerent</strong></span> 
     </span>
     <span class='ocr_line' id='line_1_4' title="bbox 330 772 1334 859; baseline -0.005 -16"><span class='ocrx_word' id='word_1_21' title='bbox 330 783 430 858; x_wconf 93' lang='lat' dir='ltr'>atque</span> <span class='ocrx_word' id='word_1_22' title='bbox 454 775 686 842; x_wconf 77' lang='lat' dir='ltr'>continuantur</span> <span class='ocrx_word' id='word_1_23' title='bbox 709 780 746 840; x_wconf 93' lang='lat' dir='ltr'>ut</span> <span class='ocrx_word' id='word_1_24' title='bbox 770 774 905 841; x_wconf 83' lang='lat' dir='ltr'>dissolvi</span> <span class='ocrx_word' id='word_1_25' title='bbox 928 774 1015 840; x_wconf 93' lang='lat' dir='ltr'>nullo</span> <span class='ocrx_word' id='word_1_26' title='bbox 1039 776 1132 840; x_wconf 93' lang='lat' dir='ltr'>modo</span> <span class='ocrx_word' id='word_1_27' title='bbox 1157 772 1334 859; x_wconf 59' lang='lat' dir='ltr'>queantfl)</span> 
     </span>
    </p>

    <p class='ocr_par' dir='ltr' id='par_1_3' title="bbox 330 879 1509 1181">
     <span class='ocr_line' id='line_1_5' title="bbox 419 879 1509 966; baseline -0.004 -18"><span class='ocrx_word' id='word_1_28' title='bbox 419 883 522 966; x_wconf 80' lang='lat' dir='ltr'>Quem</span> <span class='ocrx_word' id='word_1_29' title='bbox 560 889 724 948; x_wconf 80' lang='lat' dir='ltr'><strong>auctorem</strong></span> <span class='ocrx_word' id='word_1_30' title='bbox 764 881 950 947; x_wconf 81' lang='lat' dir='ltr'>Cleomedes</span> <span class='ocrx_word' id='word_1_31' title='bbox 986 882 1077 947; x_wconf 91' lang='lat' dir='ltr'>bisce</span> <span class='ocrx_word' id='word_1_32' title='bbox 1113 882 1238 947; x_wconf 90' lang='lat' dir='ltr'>duobus</span> <span class='ocrx_word' id='word_1_33' title='bbox 1270 880 1434 962; x_wconf 81' lang='lat' dir='ltr'>capitibus</span> <span class='ocrx_word' id='word_1_34' title='bbox 1464 879 1509 944; x_wconf 88' lang='lat' dir='ltr'>sit</span> 
     </span>
     <span class='ocr_line' id='line_1_6' title="bbox 330 987 1509 1072; baseline -0.006 -15"><span class='ocrx_word' id='word_1_35' title='bbox 330 995 461 1057; x_wconf 87' lang='lat' dir='ltr'>secutus</span> <span class='ocrx_word' id='word_1_36' title='bbox 494 1009 651 1070; x_wconf 87' lang='lat' dir='ltr'>quemque</span> <span class='ocrx_word' id='word_1_37' title='bbox 685 988 874 1054; x_wconf 83' lang='lat' dir='ltr'>adhibuerit</span> <span class='ocrx_word' id='word_1_38' title='bbox 905 989 1025 1054; x_wconf 90' lang='lat' dir='ltr'>librum</span> <span class='ocrx_word' id='word_1_39' title='bbox 1056 987 1153 1072; x_wconf 88' lang='lat' dir='ltr'>illius,</span> <span class='ocrx_word' id='word_1_40' title='bbox 1183 987 1253 1069; x_wconf 89' lang='lat' dir='ltr'>ipse</span> <span class='ocrx_word' id='word_1_41' title='bbox 1285 987 1366 1053; x_wconf 90' lang='lat' dir='ltr'>dicit</span> <span class='ocrx_word' id='word_1_42' title='bbox 1387 987 1422 1051; x_wconf 90' lang='lat' dir='ltr'>in</span> <span class='ocrx_word' id='word_1_43' title='bbox 1444 987 1509 1051; x_wconf 90' lang='lat' dir='ltr'>fine</span> 
     </span>
     <span class='ocr_line' id='line_1_7' title="bbox 330 1094 1245 1181; baseline -0.003 -18"><span class='ocrx_word' id='word_1_44' title='bbox 330 1097 448 1180; x_wconf 90' lang='lat' dir='ltr'>prioris</span> <span class='ocrx_word' id='word_1_45' title='bbox 471 1097 548 1162; x_wconf 86' lang='lat' dir='ltr'>libri</span> <span class='ocrx_word' id='word_1_46' title='bbox 571 1097 872 1181; x_wconf 66' lang='lat' dir='ltr'>(ilaus—llas),</span> <span class='ocrx_word' id='word_1_47' title='bbox 895 1094 951 1160; x_wconf 91' lang='lat' dir='ltr'>ubi</span> <span class='ocrx_word' id='word_1_48' title='bbox 973 1096 1129 1177; x_wconf 85' lang='lat' dir='ltr'>leguntur</span> <span class='ocrx_word' id='word_1_49' title='bbox 1150 1095 1245 1160; x_wconf 90' lang='lat' dir='ltr'>haec:</span> 
     </span>
    </p>

    <p class='ocr_par' dir='ltr' id='par_1_4' title="bbox 373 1220 1511 1827">
     <span class='ocr_line' id='line_1_8' title="bbox 463 1220 1510 1304; baseline -0.003 -20"><span class='ocrx_word' id='word_1_50' title='bbox 463 1222 699 1304; x_wconf 86' lang='grc' dir='ltr'><strong><em>Προειρηκότες</em></strong></span> <span class='ocrx_word' id='word_1_51' title='bbox 736 1222 802 1285; x_wconf 78' lang='grc' dir='ltr'>δ’ἕν</span> <span class='ocrx_word' id='word_1_52' title='bbox 833 1229 880 1303; x_wconf 82' lang='grc' dir='ltr'><strong><em>τῷ</em></strong></span> <span class='ocrx_word' id='word_1_53' title='bbox 911 1223 1031 1303; x_wconf 84' lang='grc' dir='ltr'>πρώτῳ</span> <span class='ocrx_word' id='word_1_54' title='bbox 1062 1227 1128 1284; x_wconf 87' lang='grc' dir='ltr'><strong><em>τῶν</em></strong></span> <span class='ocrx_word' id='word_1_55' title='bbox 1164 1220 1425 1303; x_wconf 78' lang='grc' dir='ltr'><strong><em>ἐπιχειρημάτων,</em></strong></span> <span class='ocrx_word' id='word_1_56' title='bbox 1463 1220 1510 1288; x_wconf 85' lang='grc' dir='ltr'>ὡς</span> 
     </span>
     <span class='ocr_line' id='line_1_9' title="bbox 373 1327 1510 1412; baseline -0.004 -20"><span class='ocrx_word' id='word_1_57' title='bbox 373 1329 452 1393; x_wconf 86' lang='grc' dir='ltr'><strong><em>κατά</em></strong></span> <span class='ocrx_word' id='word_1_58' title='bbox 484 1328 565 1392; x_wconf 79' lang='grc' dir='ltr'><strong><em>πολὺ</em></strong></span> <span class='ocrx_word' id='word_1_59' title='bbox 598 1330 717 1411; x_wconf 86' lang='grc' dir='ltr'><strong><em>μείζων</em></strong></span> <span class='ocrx_word' id='word_1_60' title='bbox 750 1329 768 1391; x_wconf 87' lang='grc' dir='ltr'>ὁ</span> <span class='ocrx_word' id='word_1_61' title='bbox 806 1328 893 1412; x_wconf 80' lang='grc' dir='ltr'><strong><em>ἥλιος</em></strong></span> <span class='ocrx_word' id='word_1_62' title='bbox 934 1331 982 1391; x_wconf 85' lang='grc' dir='ltr'>ὢν</span> <span class='ocrx_word' id='word_1_63' title='bbox 1017 1329 1114 1412; x_wconf 68' lang='grc' dir='ltr'><strong><em>αὐτῆς</em></strong></span> <span class='ocrx_word' id='word_1_64' title='bbox 1146 1329 1223 1391; x_wconf 88' lang='grc' dir='ltr'><strong><em>ὅσον</em></strong></span> <span class='ocrx_word' id='word_1_65' title='bbox 1254 1327 1403 1390; x_wconf 81' lang='grc' dir='ltr'><strong><em>ποδιαίαν</em></strong></span> <span class='ocrx_word' id='word_1_66' title='bbox 1433 1329 1510 1410; x_wconf 83' lang='grc' dir='ltr'><strong><em>ἡμῖν</em></strong></span> 
     </span>
     <span class='ocr_line' id='line_1_10' title="bbox 374 1433 1508 1520; baseline -0.004 -20"><span class='ocrx_word' id='word_1_67' title='bbox 374 1437 549 1520; x_wconf 82' lang='grc' dir='ltr'><strong><em>φαντασίαν</em></strong></span> <span class='ocrx_word' id='word_1_68' title='bbox 579 1437 769 1518; x_wconf 80' lang='grc' dir='ltr'><em>ἀποπέμπει,</em></span> <span class='ocrx_word' id='word_1_69' title='bbox 804 1438 877 1519; x_wconf 83' lang='grc' dir='ltr'><em>ἑξῆς</em></span> <span class='ocrx_word' id='word_1_70' title='bbox 914 1435 991 1498; x_wconf 75' lang='grc' dir='ltr'><strong><em>αὐτὸ</em></strong></span> <span class='ocrx_word' id='word_1_71' title='bbox 1023 1441 1117 1498; x_wconf 87' lang='grc' dir='ltr'><strong><em>τοῦτο</em></strong></span> <span class='ocrx_word' id='word_1_72' title='bbox 1149 1435 1298 1508; x_wconf 82' lang='grc' dir='ltr'><strong><em>ἐπιδεῖξαι</em></strong></span> <span class='ocrx_word' id='word_1_73' title='bbox 1330 1433 1508 1516; x_wconf 77' lang='grc' dir='ltr'><strong><em>ὀφείλομεν,</em></strong></span> 
     </span>
     <span class='ocr_line' id='line_1_11' title="bbox 376 1541 1511 1626; baseline -0.005 -18"><span class='ocrx_word' id='word_1_74' title='bbox 376 1545 436 1608; x_wconf 86' lang='grc' dir='ltr'>ὅσα</span> <span class='ocrx_word' id='word_1_75' title='bbox 460 1545 493 1608; x_wconf 82' lang='grc' dir='ltr'>ἕν</span> <span class='ocrx_word' id='word_1_76' title='bbox 515 1544 642 1625; x_wconf 86' lang='grc' dir='ltr'><strong><em>τοιαύτη</em></strong></span> <span class='ocrx_word' id='word_1_77' title='bbox 658 1545 819 1626; x_wconf 77' lang='grc' dir='ltr'>εἰσαγωγῇ</span> <span class='ocrx_word' id='word_1_78' title='bbox 839 1543 980 1625; x_wconf 81' lang='grc' dir='ltr'><strong><em>αὐτάρκη</em></strong></span> <span class='ocrx_word' id='word_1_79' title='bbox 996 1543 1066 1616; x_wconf 77' lang='grc' dir='ltr'><strong><em>ἐστι’,</em></strong></span> <span class='ocrx_word' id='word_1_80' title='bbox 1090 1550 1325 1625; x_wconf 82' lang='grc' dir='ltr'><strong><em>προφερόμενοι</em></strong></span> <span class='ocrx_word' id='word_1_81' title='bbox 1340 1541 1402 1605; x_wconf 79' lang='grc' dir='ltr'><strong><em>ἴδιά</em></strong></span> <span class='ocrx_word' id='word_1_82' title='bbox 1415 1563 1511 1604; x_wconf 90' lang='grc' dir='ltr'><strong><em>τινων</em></strong></span> 
     </span>
     <span class='ocr_line' id='line_1_12' title="bbox 374 1647 1511 1733; baseline -0.004 -19"><span class='ocrx_word' id='word_1_83' title='bbox 374 1651 445 1733; x_wconf 81' lang='grc' dir='ltr'><strong><em>περὶ</em></strong></span> <span class='ocrx_word' id='word_1_84' title='bbox 475 1658 575 1733; x_wconf 83' lang='grc' dir='ltr'><strong><em>μόνου</em></strong></span> <span class='ocrx_word' id='word_1_85' title='bbox 608 1651 721 1714; x_wconf 85' lang='grc' dir='ltr'><strong><em>τούτου</em></strong></span> <span class='ocrx_word' id='word_1_86' title='bbox 753 1651 952 1732; x_wconf 83' lang='grc' dir='ltr'><strong><em>συντάγματα</em></strong></span> <span class='ocrx_word' id='word_1_87' title='bbox 986 1658 1221 1733; x_wconf 84' lang='grc' dir='ltr'>πεποιηκότων·</span> <span class='ocrx_word' id='word_1_88' title='bbox 1256 1647 1308 1713; x_wconf 85' lang='grc' dir='ltr'>ὧν</span> <span class='ocrx_word' id='word_1_89' title='bbox 1341 1650 1415 1711; x_wconf 85' lang='grc' dir='ltr'><strong><em>εὀτι</em></strong></span> <span class='ocrx_word' id='word_1_90' title='bbox 1447 1647 1511 1711; x_wconf 82' lang='grc' dir='ltr'>καὶ</span> 
     </span>
     <span class='ocr_line' id='line_1_13' title="bbox 376 1758 645 1827; baseline 0 -7"><span class='ocrx_word' id='word_1_91' title='bbox 376 1758 645 1827; x_wconf 78' lang='grc' dir='ltr'><strong><em>Ποσειδώνιος.</em></strong></span> 
     </span>
    </p>
   </div>
   <div class='ocr_carea' id='block_1_3' title="bbox 331 1888 1512 2402">
    <p class='ocr_par' dir='ltr' id='par_1_5' title="bbox 331 1888 1512 2402">
     <span class='ocr_line' id='line_1_14' title="bbox 420 1888 1511 1974; baseline -0.005 -18"><span class='ocrx_word' id='word_1_92' title='bbox 420 1890 546 1974; x_wconf 78' lang='lat' dir='ltr'>Quibus</span> <span class='ocrx_word' id='word_1_93' title='bbox 570 1911 609 1956; x_wconf 84' lang='lat' dir='ltr'>ex</span> <span class='ocrx_word' id='word_1_94' title='bbox 642 1891 751 1957; x_wconf 84' lang='lat' dir='ltr'>verbis</span> <span class='ocrx_word' id='word_1_95' title='bbox 785 1891 867 1957; x_wconf 90' lang='lat' dir='ltr'>satis</span> <span class='ocrx_word' id='word_1_96' title='bbox 900 1896 1038 1974; x_wconf 90' lang='lat' dir='ltr'>apparet</span> <span class='ocrx_word' id='word_1_97' title='bbox 1070 1889 1320 1957; x_wconf 88' lang='lat' dir='ltr'>Posidonium</span> <span class='ocrx_word' id='word_1_98' title='bbox 1353 1891 1397 1953; x_wconf 94' lang='lat' dir='ltr'>de</span> <span class='ocrx_word' id='word_1_99' title='bbox 1430 1888 1511 1952; x_wconf 91' lang='lat' dir='ltr'>sola</span> 
     </span>
     <span class='ocr_line' id='line_1_15' title="bbox 331 1995 1511 2084; baseline -0.006 -19"><span class='ocrx_word' id='word_1_100' title='bbox 331 1999 426 2065; x_wconf 89' lang='lat' dir='ltr'>solis</span> <span class='ocrx_word' id='word_1_101' title='bbox 479 1997 751 2081; x_wconf 86' lang='lat' dir='ltr'>magnitudine</span> <span class='ocrx_word' id='word_1_102' title='bbox 799 1997 883 2084; x_wconf 80' lang='grc' dir='ltr'><strong><em>(περὶ</em></strong></span> <span class='ocrx_word' id='word_1_103' title='bbox 925 1999 1029 2081; x_wconf 82' lang='grc' dir='ltr'><strong><em>μόνου</em></strong></span> <span class='ocrx_word' id='word_1_104' title='bbox 1073 1995 1246 2083; x_wconf 47' lang='lat' dir='ltr'>rosteram)</span> <span class='ocrx_word' id='word_1_105' title='bbox 1293 1995 1511 2064; x_wconf 82' lang='lat' dir='ltr'>confecisse</span> 
     </span>
     <span class='ocr_line' id='line_1_16' title="bbox 331 2101 1510 2190; baseline -0.005 -19"><span class='ocrx_word' id='word_1_106' title='bbox 331 2107 485 2190; x_wconf 86' lang='lat' dir='ltr'>librum,</span> <span class='ocrx_word' id='word_1_107' title='bbox 519 2123 627 2185; x_wconf 91' lang='lat' dir='ltr'>quem</span> <span class='ocrx_word' id='word_1_108' title='bbox 661 2104 883 2170; x_wconf 77' lang='lat' dir='ltr'>Cleomenes</span> <span class='ocrx_word' id='word_1_109' title='bbox 906 2105 1080 2170; x_wconf 90' lang='lat' dir='ltr'>nominat</span> <span class='ocrx_word' id='word_1_110' title='bbox 1115 2103 1369 2188; x_wconf 83' lang='grc' dir='ltr'><strong><em>,σύνταγμα“.</em></strong></span> <span class='ocrx_word' id='word_1_111' title='bbox 1416 2101 1510 2166; x_wconf 88' lang='lat' dir='ltr'>Adde</span> 
     </span>
     <span class='ocr_line' id='line_1_17' title="bbox 333 2211 1512 2298; baseline -0.005 -20"><span class='ocrx_word' id='word_1_112' title='bbox 333 2214 417 2293; x_wconf 91' lang='lat' dir='ltr'>quod</span> <span class='ocrx_word' id='word_1_113' title='bbox 447 2212 516 2277; x_wconf 92' lang='lat' dir='ltr'>loco</span> <span class='ocrx_word' id='word_1_114' title='bbox 546 2231 640 2293; x_wconf 92' lang='lat' dir='ltr'>quem</span> <span class='ocrx_word' id='word_1_115' title='bbox 663 2231 763 2293; x_wconf 89' lang='lat' dir='ltr'>supra</span> <span class='ocrx_word' id='word_1_116' title='bbox 797 2211 888 2295; x_wconf 86' lang='lat' dir='ltr'>(vide</span> <span class='ocrx_word' id='word_1_117' title='bbox 910 2231 983 2296; x_wconf 86' lang='lat' dir='ltr'>pag.</span> <span class='ocrx_word' id='word_1_118' title='bbox 1001 2212 1055 2298; x_wconf 83' lang='lat'>17)</span> <span class='ocrx_word' id='word_1_119' title='bbox 1088 2212 1187 2277; x_wconf 91' lang='lat' dir='ltr'>attuli</span> <span class='ocrx_word' id='word_1_120' title='bbox 1219 2213 1512 2277; x_wconf 86' lang='lat' dir='ltr'>commemorantur</span> 
     </span>
     <span class='ocr_line' id='line_1_18' title="bbox 332 2317 1510 2402; baseline -0.003 -19"><span class='ocrx_word' id='word_1_121' title='bbox 332 2320 572 2402; x_wconf 83' lang='grc' dir='ltr'><strong><em>συγγράμματα,</em></strong></span> <span class='ocrx_word' id='word_1_122' title='bbox 620 2318 669 2384; x_wconf 84' lang='lat' dir='ltr'>Ac</span> <span class='ocrx_word' id='word_1_123' title='bbox 697 2319 726 2384; x_wconf 90' lang='lat' dir='ltr'>si</span> <span class='ocrx_word' id='word_1_124' title='bbox 753 2318 944 2401; x_wconf 79' lang='lat' dir='ltr'>respicimus</span> <span class='ocrx_word' id='word_1_125' title='bbox 972 2338 1012 2385; x_wconf 91' lang='lat' dir='ltr'>ea</span> <span class='ocrx_word' id='word_1_126' title='bbox 1040 2338 1124 2400; x_wconf 88' lang='lat' dir='ltr'>quae</span> <span class='ocrx_word' id='word_1_127' title='bbox 1152 2320 1214 2384; x_wconf 89' lang='lat' dir='ltr'>hac</span> <span class='ocrx_word' id='word_1_128' title='bbox 1241 2320 1281 2383; x_wconf 91' lang='lat' dir='ltr'>de</span> <span class='ocrx_word' id='word_1_129' title='bbox 1304 2336 1340 2382; x_wconf 92' lang='lat' dir='ltr'>re</span> <span class='ocrx_word' id='word_1_130' title='bbox 1363 2317 1510 2398; x_wconf 91' lang='lat' dir='ltr'>disputa-</span> 
     </span>
    </p>
   </div>
   <div class='ocr_carea' id='block_1_4' title="bbox 330 2573 1578 4329">
    <p class='ocr_par' dir='ltr' id='par_1_6' title="bbox 330 2573 1512 3206">
     <span class='ocr_line' id='line_1_19' title="bbox 421 2573 1510 2646; baseline -0.002 -17"><span class='ocrx_word' id='word_1_131' title='bbox 421 2575 455 2646; x_wconf 67' lang='grc'>42)</span> <span class='ocrx_word' id='word_1_132' title='bbox 474 2574 574 2630; x_wconf 91' lang='lat' dir='ltr'>Incisio</span> <span class='ocrx_word' id='word_1_133' title='bbox 593 2591 673 2641; x_wconf 89' lang='lat' dir='ltr'>quam</span> <span class='ocrx_word' id='word_1_134' title='bbox 693 2575 822 2630; x_wconf 84' lang='lat' dir='ltr'>exhibent</span> <span class='ocrx_word' id='word_1_135' title='bbox 840 2581 902 2642; x_wconf 89' lang='lat' dir='ltr'>post</span> <span class='ocrx_word' id='word_1_136' title='bbox 920 2582 1003 2642; x_wconf 87' lang='lat' dir='ltr'>caput</span> <span class='ocrx_word' id='word_1_137' title='bbox 1021 2576 1137 2643; x_wconf 91' lang='lat' dir='ltr'>primum</span> <span class='ocrx_word' id='word_1_138' title='bbox 1154 2580 1183 2630; x_wconf 91' lang='lat' dir='ltr'>et</span> <span class='ocrx_word' id='word_1_139' title='bbox 1202 2575 1304 2629; x_wconf 89' lang='lat' dir='ltr'>codices</span> <span class='ocrx_word' id='word_1_140' title='bbox 1323 2579 1351 2628; x_wconf 92' lang='lat' dir='ltr'>et</span> <span class='ocrx_word' id='word_1_141' title='bbox 1370 2573 1510 2638; x_wconf 72' lang='lat' dir='ltr'>editiones,</span> 
     </span>
     <span class='ocr_line' id='line_1_20' title="bbox 332 2655 1511 2722; baseline -0.004 -12"><span class='ocrx_word' id='word_1_142' title='bbox 332 2672 387 2711; x_wconf 88' lang='lat' dir='ltr'>non</span> <span class='ocrx_word' id='word_1_143' title='bbox 405 2656 482 2710; x_wconf 92' lang='lat' dir='ltr'>modo</span> <span class='ocrx_word' id='word_1_144' title='bbox 501 2671 556 2708; x_wconf 90' lang='lat' dir='ltr'>non</span> <span class='ocrx_word' id='word_1_145' title='bbox 574 2660 664 2722; x_wconf 89' lang='lat' dir='ltr'>potest</span> <span class='ocrx_word' id='word_1_146' title='bbox 683 2655 811 2722; x_wconf 85' lang='lat' dir='ltr'>excusari,</span> <span class='ocrx_word' id='word_1_147' title='bbox 831 2656 878 2709; x_wconf 92' lang='lat' dir='ltr'>sed</span> <span class='ocrx_word' id='word_1_148' title='bbox 897 2656 980 2709; x_wconf 88' lang='lat' dir='ltr'>etiam</span> <span class='ocrx_word' id='word_1_149' title='bbox 999 2656 1078 2710; x_wconf 88' lang='lat' dir='ltr'>valde</span> <span class='ocrx_word' id='word_1_150' title='bbox 1095 2656 1190 2709; x_wconf 89' lang='lat' dir='ltr'>turbat</span> <span class='ocrx_word' id='word_1_151' title='bbox 1204 2660 1360 2709; x_wconf 79' lang='lat' dir='ltr'>contextum</span> <span class='ocrx_word' id='word_1_152' title='bbox 1375 2669 1465 2708; x_wconf 87' lang='lat' dir='ltr'>rerum</span> <span class='ocrx_word' id='word_1_153' title='bbox 1479 2669 1511 2706; x_wconf 90' lang='lat' dir='ltr'>ac</span> 
     </span>
     <span class='ocr_line' id='line_1_21' title="bbox 331 2733 1511 2803; baseline -0.005 -13"><span class='ocrx_word' id='word_1_154' title='bbox 331 2736 483 2791; x_wconf 80' lang='lat' dir='ltr'>verborum.</span> <span class='ocrx_word' id='word_1_155' title='bbox 509 2735 606 2802; x_wconf 82' lang='lat' dir='ltr'>Capite</span> <span class='ocrx_word' id='word_1_156' title='bbox 620 2735 691 2788; x_wconf 91' lang='lat' dir='ltr'>enim</span> <span class='ocrx_word' id='word_1_157' title='bbox 702 2736 772 2801; x_wconf 88' lang='lat' dir='ltr'>quod</span> <span class='ocrx_word' id='word_1_158' title='bbox 781 2735 869 2788; x_wconf 87' lang='lat' dir='ltr'>fertur</span> <span class='ocrx_word' id='word_1_159' title='bbox 883 2736 969 2788; x_wconf 87' lang='lat' dir='ltr'>altero</span> <span class='ocrx_word' id='word_1_160' title='bbox 982 2736 1086 2802; x_wconf 86' lang='lat' dir='ltr'>reliqua</span> <span class='ocrx_word' id='word_1_161' title='bbox 1095 2735 1269 2802; x_wconf 87' lang='lat' dir='ltr'>proferuntur</span> <span class='ocrx_word' id='word_1_162' title='bbox 1279 2740 1442 2803; x_wconf 86' lang='lat' dir='ltr'>arguments</span> <span class='ocrx_word' id='word_1_163' title='bbox 1451 2733 1511 2799; x_wconf 92' lang='lat' dir='ltr'>qui-</span> 
     </span>
     <span class='ocr_line' id='line_1_22' title="bbox 332 2812 1512 2884; baseline -0.003 -15"><span class='ocrx_word' id='word_1_164' title='bbox 332 2817 382 2870; x_wconf 91' lang='lat' dir='ltr'>bus</span> <span class='ocrx_word' id='word_1_165' title='bbox 395 2816 504 2883; x_wconf 89' lang='lat' dir='ltr'>planum</span> <span class='ocrx_word' id='word_1_166' title='bbox 523 2814 572 2869; x_wconf 91' lang='lat' dir='ltr'>fiat</span> <span class='ocrx_word' id='word_1_167' title='bbox 591 2814 673 2870; x_wconf 90' lang='lat' dir='ltr'>solem</span> <span class='ocrx_word' id='word_1_168' title='bbox 691 2820 766 2868; x_wconf 88' lang='lat' dir='ltr'>terra</span> <span class='ocrx_word' id='word_1_169' title='bbox 780 2830 837 2870; x_wconf 84' lang='lat' dir='ltr'>essa</span> <span class='ocrx_word' id='word_1_170' title='bbox 852 2815 988 2884; x_wconf 87' lang='lat' dir='ltr'>maiorem,</span> <span class='ocrx_word' id='word_1_171' title='bbox 1008 2817 1079 2883; x_wconf 92' lang='lat' dir='ltr'>quod</span> <span class='ocrx_word' id='word_1_172' title='bbox 1097 2816 1152 2870; x_wconf 87' lang='lat' dir='ltr'>iam</span> <span class='ocrx_word' id='word_1_173' title='bbox 1171 2816 1200 2868; x_wconf 87' lang='lat' dir='ltr'>in</span> <span class='ocrx_word' id='word_1_174' title='bbox 1219 2816 1308 2882; x_wconf 88' lang='lat' dir='ltr'>capite</span> <span class='ocrx_word' id='word_1_175' title='bbox 1326 2814 1413 2881; x_wconf 87' lang='lat' dir='ltr'>primo</span> <span class='ocrx_word' id='word_1_176' title='bbox 1427 2812 1512 2867; x_wconf 87' lang='lat' dir='ltr'>semel</span> 
     </span>
     <span class='ocr_line' id='line_1_23' title="bbox 332 2894 1510 2964; baseline -0.002 -16"><span class='ocrx_word' id='word_1_177' title='bbox 332 2913 364 2949; x_wconf 93' lang='lat' dir='ltr'>ac</span> <span class='ocrx_word' id='word_1_178' title='bbox 379 2896 486 2964; x_wconf 89' lang='lat' dir='ltr'>saepius</span> <span class='ocrx_word' id='word_1_179' title='bbox 505 2911 562 2950; x_wconf 89' lang='lat' dir='ltr'>esse</span> <span class='ocrx_word' id='word_1_180' title='bbox 577 2901 815 2949; x_wconf 89' lang='lat' dir='ltr'>commemoratum</span> <span class='ocrx_word' id='word_1_181' title='bbox 830 2895 1003 2964; x_wconf 86' lang='lat' dir='ltr'>intellegitur</span> <span class='ocrx_word' id='word_1_182' title='bbox 1015 2895 1121 2951; x_wconf 89' lang='lat' dir='ltr'>collatis</span> <span class='ocrx_word' id='word_1_183' title='bbox 1135 2895 1203 2949; x_wconf 91' lang='lat' dir='ltr'>locis</span> <span class='ocrx_word' id='word_1_184' title='bbox 1219 2896 1277 2962; x_wconf 83' lang='grc'><strong>126,</strong></span> <span class='ocrx_word' id='word_1_185' title='bbox 1293 2895 1325 2948; x_wconf 90' lang='grc'>16</span> <span class='ocrx_word' id='word_1_186' title='bbox 1339 2910 1378 2960; x_wconf 91' lang='lat' dir='ltr'>sq.</span> <span class='ocrx_word' id='word_1_187' title='bbox 1395 2895 1453 2959; x_wconf 88' lang='grc'><strong>146,</strong></span> <span class='ocrx_word' id='word_1_188' title='bbox 1468 2894 1510 2946; x_wconf 88' lang='grc'>14.</span> 
     </span>
     <span class='ocr_line' id='line_1_24' title="bbox 333 2974 1510 3043; baseline -0.003 -13"><span class='ocrx_word' id='word_1_189' title='bbox 333 2983 360 3030; x_wconf 93' lang='lat' dir='ltr'>et</span> <span class='ocrx_word' id='word_1_190' title='bbox 373 2993 416 3043; x_wconf 88' lang='lat' dir='ltr'>qu.</span> <span class='ocrx_word' id='word_1_191' title='bbox 430 2993 450 3030; x_wconf 89' lang='lat' dir='ltr'>s.</span> <span class='ocrx_word' id='word_1_192' title='bbox 465 2993 489 3029; x_wconf 87' lang='lat' dir='ltr'>a.</span> <span class='ocrx_word' id='word_1_193' title='bbox 528 2975 582 3030; x_wconf 84' lang='lat' dir='ltr'>Sed</span> <span class='ocrx_word' id='word_1_194' title='bbox 600 2980 631 3028; x_wconf 89' lang='lat' dir='ltr'>ut</span> <span class='ocrx_word' id='word_1_195' title='bbox 649 2975 740 3028; x_wconf 92' lang='lat' dir='ltr'>nullus</span> <span class='ocrx_word' id='word_1_196' title='bbox 759 2975 927 3030; x_wconf 86' lang='lat' dir='ltr'>dubitationi</span> <span class='ocrx_word' id='word_1_197' title='bbox 944 2977 1115 3043; x_wconf 87' lang='lat' dir='ltr'>relinquatur</span> <span class='ocrx_word' id='word_1_198' title='bbox 1133 2976 1207 3029; x_wconf 87' lang='lat' dir='ltr'>locus</span> <span class='ocrx_word' id='word_1_199' title='bbox 1226 2975 1290 3042; x_wconf 91' lang='lat' dir='ltr'>quin</span> <span class='ocrx_word' id='word_1_200' title='bbox 1310 2974 1448 3041; x_wconf 88' lang='lat' dir='ltr'>aptissime</span> <span class='ocrx_word' id='word_1_201' title='bbox 1468 2989 1510 3027; x_wconf 91' lang='lat' dir='ltr'>co·</span> 
     </span>
     <span class='ocr_line' id='line_1_25' title="bbox 330 3054 1512 3124; baseline -0.003 -14"><span class='ocrx_word' id='word_1_202' title='bbox 330 3058 465 3116; x_wconf 59' lang='lat' dir='ltr'>,haereant</span> <span class='ocrx_word' id='word_1_203' title='bbox 478 3055 574 3123; x_wconf 77' lang='lat' dir='ltr'>‚capita</span> <span class='ocrx_word' id='word_1_204' title='bbox 593 3056 649 3109; x_wconf 94' lang='lat' dir='ltr'>Iet</span> <span class='ocrx_word' id='word_1_205' title='bbox 662 3056 699 3124; x_wconf 91' lang='grc' dir='ltr'>ΙΙ,</span> <span class='ocrx_word' id='word_1_206' title='bbox 718 3055 801 3110; x_wconf 85' lang='lat' dir='ltr'>velim</span> <span class='ocrx_word' id='word_1_207' title='bbox 822 3058 951 3110; x_wconf 87' lang='lat' dir='ltr'>attendas</span> <span class='ocrx_word' id='word_1_208' title='bbox 970 3055 1090 3109; x_wconf 88' lang='lat' dir='ltr'>animum</span> <span class='ocrx_word' id='word_1_209' title='bbox 1109 3056 1142 3109; x_wconf 89' lang='lat' dir='ltr'>sd</span> <span class='ocrx_word' id='word_1_210' title='bbox 1162 3070 1194 3109; x_wconf 86' lang='lat' dir='ltr'>ea</span> <span class='ocrx_word' id='word_1_211' title='bbox 1213 3060 1357 3122; x_wconf 87' lang='lat' dir='ltr'>quaesunt</span> <span class='ocrx_word' id='word_1_212' title='bbox 1371 3054 1512 3108; x_wconf 79' lang='lat' dir='ltr'>conlocata</span> 
     </span>
     <span class='ocr_line' id='line_1_26' title="bbox 332 3135 814 3206; baseline -0.002 -17"><span class='ocrx_word' id='word_1_213' title='bbox 332 3135 359 3190; x_wconf 90' lang='lat' dir='ltr'>in</span> <span class='ocrx_word' id='word_1_214' title='bbox 380 3136 432 3190; x_wconf 90' lang='lat' dir='ltr'>fine</span> <span class='ocrx_word' id='word_1_215' title='bbox 451 3135 548 3203; x_wconf 89' lang='lat' dir='ltr'>eapitis</span> <span class='ocrx_word' id='word_1_216' title='bbox 567 3136 597 3189; x_wconf 96' lang='grc' dir='ltr'>ΙΙ</span> <span class='ocrx_word' id='word_1_217' title='bbox 618 3137 688 3204; x_wconf 84' lang='grc'><strong>(176,</strong></span> <span class='ocrx_word' id='word_1_218' title='bbox 702 3136 736 3188; x_wconf 83' lang='grc'>26</span> <span class='ocrx_word' id='word_1_219' title='bbox 752 3137 814 3206; x_wconf 82' lang='lat' dir='ltr'>sq.):</span> 
     </span>
    </p>

    <p class='ocr_par' dir='ltr' id='par_1_7' title="bbox 421 3215 1278 3284">
     <span class='ocr_line' id='line_1_27' title="bbox 421 3215 1278 3284; baseline 0 -16"><span class='ocrx_word' id='word_1_220' title='bbox 421 3215 474 3268; x_wconf 86' lang='grc' dir='ltr'>Καὶ</span> <span class='ocrx_word' id='word_1_221' title='bbox 492 3215 551 3281; x_wconf 84' lang='grc' dir='ltr'><strong><em>περὶ</em></strong></span> <span class='ocrx_word' id='word_1_222' title='bbox 569 3215 617 3282; x_wconf 85' lang='grc' dir='ltr'>μὲν</span> <span class='ocrx_word' id='word_1_223' title='bbox 636 3223 681 3267; x_wconf 87' lang='grc' dir='ltr'><strong><em>τοῦ</em></strong></span> <span class='ocrx_word' id='word_1_224' title='bbox 701 3215 769 3268; x_wconf 87' lang='grc' dir='ltr'><strong><em>κατὰ</em></strong></span> <span class='ocrx_word' id='word_1_225' title='bbox 788 3215 832 3268; x_wconf 84' lang='grc' dir='ltr'><strong><em>τὸν</em></strong></span> <span class='ocrx_word' id='word_1_226' title='bbox 850 3217 924 3284; x_wconf 78' lang='grc' dir='ltr'><strong><em>ἥλιον</em></strong></span> <span class='ocrx_word' id='word_1_227' title='bbox 941 3216 1070 3283; x_wconf 77' lang='grc' dir='ltr'><strong><em>μεγέθους</em></strong></span> <span class='ocrx_word' id='word_1_228' title='bbox 1088 3215 1130 3268; x_wconf 80' lang='grc' dir='ltr'>ἐπὶ</span> <span class='ocrx_word' id='word_1_229' title='bbox 1148 3223 1278 3270; x_wconf 87' lang='grc' dir='ltr'><strong><em>τοσοῦτον.</em></strong></span> 
     </span>
    </p>

    <p class='ocr_par' dir='ltr' id='par_1_8' title="bbox 332 3294 1513 3926">
     <span class='ocr_line' id='line_1_28' title="bbox 422 3294 1512 3364; baseline -0.001 -16"><span class='ocrx_word' id='word_1_230' title='bbox 422 3296 520 3361; x_wconf 88' lang='lat' dir='ltr'>Itaque</span> <span class='ocrx_word' id='word_1_231' title='bbox 539 3295 613 3350; x_wconf 88' lang='lat' dir='ltr'>hisce</span> <span class='ocrx_word' id='word_1_232' title='bbox 633 3295 739 3351; x_wconf 88' lang='lat' dir='ltr'>demum</span> <span class='ocrx_word' id='word_1_233' title='bbox 759 3297 850 3350; x_wconf 86' lang='lat' dir='ltr'>verbis</span> <span class='ocrx_word' id='word_1_234' title='bbox 875 3296 1000 3350; x_wconf 88' lang='lat' dir='ltr'>absoluta</span> <span class='ocrx_word' id='word_1_235' title='bbox 1019 3301 1062 3351; x_wconf 91' lang='lat' dir='ltr'>est</span> <span class='ocrx_word' id='word_1_236' title='bbox 1080 3301 1142 3350; x_wconf 85' lang='lat' dir='ltr'>tota</span> <span class='ocrx_word' id='word_1_237' title='bbox 1160 3297 1193 3351; x_wconf 91' lang='lat' dir='ltr'>de</span> <span class='ocrx_word' id='word_1_238' title='bbox 1216 3294 1406 3364; x_wconf 81' lang='lat' dir='ltr'>magnitudine</span> <span class='ocrx_word' id='word_1_239' title='bbox 1425 3295 1512 3360; x_wconf 91' lang='lat' dir='ltr'>deque</span> 
     </span>
     <span class='ocr_line' id='line_1_29' title="bbox 333 3374 1513 3444; baseline -0.003 -15"><span class='ocrx_word' id='word_1_240' title='bbox 333 3374 479 3430; x_wconf 87' lang='lat' dir='ltr'>altitudine</span> <span class='ocrx_word' id='word_1_241' title='bbox 498 3376 561 3429; x_wconf 88' lang='lat' dir='ltr'>solis</span> <span class='ocrx_word' id='word_1_242' title='bbox 590 3376 721 3442; x_wconf 88' lang='lat' dir='ltr'>quaestio.</span> <span class='ocrx_word' id='word_1_243' title='bbox 761 3376 849 3443; x_wconf 80' lang='lat' dir='ltr'>Quid?</span> <span class='ocrx_word' id='word_1_244' title='bbox 869 3377 941 3443; x_wconf 92' lang='lat' dir='ltr'>quod</span> <span class='ocrx_word' id='word_1_245' title='bbox 968 3378 1052 3430; x_wconf 87' lang='lat' dir='ltr'>verba</span> <span class='ocrx_word' id='word_1_246' title='bbox 1078 3376 1139 3444; x_wconf 85' lang='lat' dir='ltr'>ipss</span> <span class='ocrx_word' id='word_1_247' title='bbox 1157 3377 1180 3430; x_wconf 93' lang='lat' dir='ltr'>si</span> <span class='ocrx_word' id='word_1_248' title='bbox 1208 3381 1360 3443; x_wconf 87' lang='lat' dir='ltr'>spectamus</span> <span class='ocrx_word' id='word_1_249' title='bbox 1383 3374 1513 3428; x_wconf 80' lang='lat' dir='ltr'>facillime</span> 
     </span>
     <span class='ocr_line' id='line_1_30' title="bbox 332 3455 1512 3524; baseline -0.002 -15"><span class='ocrx_word' id='word_1_250' title='bbox 332 3471 473 3524; x_wconf 85' lang='lat' dir='ltr'>possumne</span> <span class='ocrx_word' id='word_1_251' title='bbox 488 3456 589 3510; x_wconf 84' lang='lat' dir='ltr'>sentire</span> <span class='ocrx_word' id='word_1_252' title='bbox 604 3456 767 3523; x_wconf 88' lang='lat' dir='ltr'>particulam</span> <span class='ocrx_word' id='word_1_253' title='bbox 780 3455 809 3509; x_wconf 79' lang='grc' dir='ltr'>δὲ</span> <span class='ocrx_word' id='word_1_254' title='bbox 824 3455 852 3510; x_wconf 91' lang='lat' dir='ltr'>in</span> <span class='ocrx_word' id='word_1_255' title='bbox 866 3456 947 3511; x_wconf 91' lang='lat' dir='ltr'>initio</span> <span class='ocrx_word' id='word_1_256' title='bbox 962 3457 1074 3511; x_wconf 87' lang='lat' dir='ltr'>alterius</span> <span class='ocrx_word' id='word_1_257' title='bbox 1093 3457 1163 3524; x_wconf 93' lang='lat' dir='ltr'>quod</span> <span class='ocrx_word' id='word_1_258' title='bbox 1176 3457 1266 3511; x_wconf 84' lang='lat' dir='ltr'>fertur</span> <span class='ocrx_word' id='word_1_259' title='bbox 1277 3455 1376 3524; x_wconf 88' lang='lat' dir='ltr'>capitis</span> <span class='ocrx_word' id='word_1_260' title='bbox 1394 3455 1512 3523; x_wconf 84' lang='lat' dir='ltr'>positam</span> 
     </span>
     <span class='ocr_line' id='line_1_31' title="bbox 332 3535 1513 3605; baseline -0.002 -15"><span class='ocrx_word' id='word_1_261' title='bbox 332 3535 494 3604; x_wconf 84' lang='lat' dir='ltr'>respondere</span> <span class='ocrx_word' id='word_1_262' title='bbox 518 3537 595 3590; x_wconf 94' lang='lat' dir='ltr'>modo</span> <span class='ocrx_word' id='word_1_263' title='bbox 614 3551 773 3605; x_wconf 88' lang='lat' dir='ltr'>praegresso</span> <span class='ocrx_word' id='word_1_264' title='bbox 802 3535 851 3603; x_wconf 77' lang='grc' dir='ltr'>μὲν</span> <span class='ocrx_word' id='word_1_265' title='bbox 870 3538 941 3604; x_wconf 88' lang='lat' dir='ltr'>quod</span> <span class='ocrx_word' id='word_1_266' title='bbox 959 3536 989 3590; x_wconf 92' lang='lat' dir='ltr'>in</span> <span class='ocrx_word' id='word_1_267' title='bbox 1016 3537 1070 3592; x_wconf 91' lang='lat' dir='ltr'>fine</span> <span class='ocrx_word' id='word_1_268' title='bbox 1089 3537 1187 3605; x_wconf 89' lang='lat' dir='ltr'>capitis</span> <span class='ocrx_word' id='word_1_269' title='bbox 1205 3537 1284 3604; x_wconf 89' lang='lat' dir='ltr'>primi</span> <span class='ocrx_word' id='word_1_270' title='bbox 1313 3535 1424 3604; x_wconf 89' lang='lat' dir='ltr'>legitur.</span> <span class='ocrx_word' id='word_1_271' title='bbox 1461 3535 1513 3588; x_wconf 76' lang='lat' dir='ltr'>list</span> 
     </span>
     <span class='ocr_line' id='line_1_32' title="bbox 332 3615 1513 3685; baseline -0.003 -15"><span class='ocrx_word' id='word_1_272' title='bbox 332 3615 420 3684; x_wconf 83' lang='lat' dir='ltr'>igitur</span> <span class='ocrx_word' id='word_1_273' title='bbox 437 3615 576 3671; x_wconf 85' lang='lat' dir='ltr'>reicienda</span> <span class='ocrx_word' id='word_1_274' title='bbox 600 3616 696 3669; x_wconf 90' lang='lat' dir='ltr'>incisio</span> <span class='ocrx_word' id='word_1_275' title='bbox 715 3616 773 3670; x_wconf 90' lang='lat' dir='ltr'>illa.</span> <span class='ocrx_word' id='word_1_276' title='bbox 813 3617 855 3670; x_wconf 83' lang='lat' dir='ltr'>An</span> <span class='ocrx_word' id='word_1_277' title='bbox 875 3617 1019 3685; x_wconf 83' lang='lat' dir='ltr'>negaverit</span> <span class='ocrx_word' id='word_1_278' title='bbox 1037 3616 1172 3685; x_wconf 87' lang='lat' dir='ltr'>quispiam</span> <span class='ocrx_word' id='word_1_279' title='bbox 1190 3617 1219 3670; x_wconf 88' lang='lat' dir='ltr'>in</span> <span class='ocrx_word' id='word_1_280' title='bbox 1242 3617 1296 3671; x_wconf 90' lang='lat' dir='ltr'>fine</span> <span class='ocrx_word' id='word_1_281' title='bbox 1315 3616 1413 3683; x_wconf 85' lang='lat' dir='ltr'>capitis</span> <span class='ocrx_word' id='word_1_282' title='bbox 1431 3615 1513 3683; x_wconf 86' lang='lat' dir='ltr'>primi</span> 
     </span>
     <span class='ocr_line' id='line_1_33' title="bbox 332 3695 1512 3765; baseline -0.002 -16"><span class='ocrx_word' id='word_1_283' title='bbox 332 3701 476 3764; x_wconf 87' lang='lat' dir='ltr'>postquam</span> <span class='ocrx_word' id='word_1_284' title='bbox 495 3696 612 3764; x_wconf 86' lang='lat' dir='ltr'>scriptor</span> <span class='ocrx_word' id='word_1_285' title='bbox 630 3713 690 3749; x_wconf 91' lang='lat' dir='ltr'>eum</span> <span class='ocrx_word' id='word_1_286' title='bbox 709 3697 826 3765; x_wconf 84' lang='lat' dir='ltr'>Epicuro</span> <span class='ocrx_word' id='word_1_287' title='bbox 847 3697 958 3765; x_wconf 91' lang='lat' dir='ltr'>eiusque</span> <span class='ocrx_word' id='word_1_288' title='bbox 978 3697 1093 3751; x_wconf 89' lang='lat' dir='ltr'>adseolis</span> <span class='ocrx_word' id='word_1_289' title='bbox 1109 3698 1169 3765; x_wconf 89' lang='lat' dir='ltr'>plus</span> <span class='ocrx_word' id='word_1_290' title='bbox 1187 3713 1268 3764; x_wconf 89' lang='lat' dir='ltr'>quam</span> <span class='ocrx_word' id='word_1_291' title='bbox 1286 3713 1334 3764; x_wconf 93' lang='lat' dir='ltr'>pro</span> <span class='ocrx_word' id='word_1_292' title='bbox 1353 3697 1404 3750; x_wconf 90' lang='lat' dir='ltr'>boc</span> <span class='ocrx_word' id='word_1_293' title='bbox 1421 3695 1512 3750; x_wconf 90' lang='lat' dir='ltr'>libello</span> 
     </span>
     <span class='ocr_line' id='line_1_34' title="bbox 332 3775 1512 3846; baseline -0.001 -17"><span class='ocrx_word' id='word_1_294' title='bbox 332 3776 469 3845; x_wconf 86' lang='lat' dir='ltr'>pugnavit</span> <span class='ocrx_word' id='word_1_295' title='bbox 489 3807 522 3816; x_wconf 94' lang='lat'><em>-</em></span> <span class='ocrx_word' id='word_1_296' title='bbox 541 3793 592 3844; x_wconf 88' lang='lat' dir='ltr'>quo</span> <span class='ocrx_word' id='word_1_297' title='bbox 612 3775 669 3831; x_wconf 88' lang='lat' dir='ltr'>fieri</span> <span class='ocrx_word' id='word_1_298' title='bbox 684 3777 731 3831; x_wconf 82' lang='lat' dir='ltr'>vix</span> <span class='ocrx_word' id='word_1_299' title='bbox 749 3778 841 3844; x_wconf 91' lang='lat' dir='ltr'>potuit</span> <span class='ocrx_word' id='word_1_300' title='bbox 860 3778 948 3831; x_wconf 87' lang='lat' dir='ltr'>acrius</span> <span class='ocrx_word' id='word_1_301' title='bbox 963 3809 1005 3846; x_wconf 85' lang='lat'>—,</span> <span class='ocrx_word' id='word_1_302' title='bbox 1025 3778 1175 3832; x_wconf 89' lang='lat' dir='ltr'>desiderari</span> <span class='ocrx_word' id='word_1_303' title='bbox 1193 3779 1325 3844; x_wconf 87' lang='lat' dir='ltr'>quaedam</span> <span class='ocrx_word' id='word_1_304' title='bbox 1344 3776 1441 3830; x_wconf 91' lang='lat' dir='ltr'>ultimo</span> <span class='ocrx_word' id='word_1_305' title='bbox 1455 3777 1512 3829; x_wconf 91' lang='lat' dir='ltr'>loco</span> 
     </span>
     <span class='ocr_line' id='line_1_35' title="bbox 332 3857 1053 3926; baseline 0.001 -16"><span class='ocrx_word' id='word_1_306' title='bbox 332 3857 421 3926; x_wconf 88' lang='lat' dir='ltr'>magis</span> <span class='ocrx_word' id='word_1_307' title='bbox 440 3857 476 3910; x_wconf 87' lang='lat' dir='ltr'>ad</span> <span class='ocrx_word' id='word_1_308' title='bbox 495 3873 551 3911; x_wconf 89' lang='lat' dir='ltr'>rem</span> <span class='ocrx_word' id='word_1_309' title='bbox 570 3857 725 3924; x_wconf 82' lang='lat' dir='ltr'>spectantia</span> <span class='ocrx_word' id='word_1_310' title='bbox 744 3859 892 3924; x_wconf 87' lang='lat' dir='ltr'>eademque</span> <span class='ocrx_word' id='word_1_311' title='bbox 910 3857 1053 3925; x_wconf 76' lang='lat' dir='ltr'>aequiora?</span> 
     </span>
    </p>

    <p class='ocr_par' dir='ltr' id='par_1_9' title="bbox 334 3937 1578 4329">
     <span class='ocr_line' id='line_1_36' title="bbox 422 3937 1512 4008; baseline -0.003 -15"><span class='ocrx_word' id='word_1_312' title='bbox 422 3938 456 4007; x_wconf 79' lang='lat'>⁴³)</span> <span class='ocrx_word' id='word_1_313' title='bbox 475 3940 536 4006; x_wconf 80' lang='lat' dir='ltr'>Ego</span> <span class='ocrx_word' id='word_1_314' title='bbox 560 3939 668 4004; x_wconf 93' lang='lat' dir='ltr'>quidem</span> <span class='ocrx_word' id='word_1_315' title='bbox 686 3938 791 3994; x_wconf 84' lang='lat' dir='ltr'>faciens</span> <span class='ocrx_word' id='word_1_316' title='bbox 815 3955 876 3993; x_wconf 88' lang='lat' dir='ltr'>eum</span> <span class='ocrx_word' id='word_1_317' title='bbox 895 3940 981 3993; x_wconf 75' lang='lat' dir='ltr'>Bauio</span> <span class='ocrx_word' id='word_1_318' title='bbox 1000 3940 1071 4006; x_wconf 85' lang='lat' dir='ltr'>(Poe.</span> <span class='ocrx_word' id='word_1_319' title='bbox 1087 3939 1139 3992; x_wconf 90' lang='lat' dir='ltr'>Rh.</span> <span class='ocrx_word' id='word_1_320' title='bbox 1152 3939 1208 3995; x_wconf 91' lang='lat' dir='ltr'>rell.</span> <span class='ocrx_word' id='word_1_321' title='bbox 1225 3939 1309 3994; x_wconf 89' lang='lat' dir='ltr'>doctr.</span> <span class='ocrx_word' id='word_1_322' title='bbox 1322 3954 1385 4008; x_wconf 86' lang='lat' dir='ltr'>pag.</span> <span class='ocrx_word' id='word_1_323' title='bbox 1399 3937 1451 3990; x_wconf 79' lang='lat'>242</span> <span class='ocrx_word' id='word_1_324' title='bbox 1462 3939 1512 4004; x_wconf 82' lang='lat' dir='ltr'>sq.)</span> 
     </span>
     <span class='ocr_line' id='line_1_37' title="bbox 334 4017 1514 4086; baseline -0.001 -16"><span class='ocrx_word' id='word_1_325' title='bbox 334 4017 446 4072; x_wconf 87' lang='lat' dir='ltr'>minime</span> <span class='ocrx_word' id='word_1_326' title='bbox 466 4019 549 4084; x_wconf 87' lang='lat' dir='ltr'>probo</span> <span class='ocrx_word' id='word_1_327' title='bbox 569 4018 597 4071; x_wconf 91' lang='lat' dir='ltr'>id</span> <span class='ocrx_word' id='word_1_328' title='bbox 625 4020 697 4086; x_wconf 91' lang='lat' dir='ltr'>quod</span> <span class='ocrx_word' id='word_1_329' title='bbox 716 4020 767 4073; x_wconf 91' lang='lat' dir='ltr'>hac</span> <span class='ocrx_word' id='word_1_330' title='bbox 796 4021 828 4073; x_wconf 92' lang='lat' dir='ltr'>de</span> <span class='ocrx_word' id='word_1_331' title='bbox 847 4035 877 4073; x_wconf 88' lang='lat' dir='ltr'>re</span> <span class='ocrx_word' id='word_1_332' title='bbox 904 4020 990 4073; x_wconf 89' lang='lat' dir='ltr'>sentit</span> <span class='ocrx_word' id='word_1_333' title='bbox 1008 4020 1051 4074; x_wconf 85' lang='lat' dir='ltr'>vir</span> <span class='ocrx_word' id='word_1_334' title='bbox 1079 4020 1174 4073; x_wconf 89' lang='lat' dir='ltr'>doctus</span> <span class='ocrx_word' id='word_1_335' title='bbox 1193 4019 1296 4073; x_wconf 90' lang='lat' dir='ltr'>Bollius</span> <span class='ocrx_word' id='word_1_336' title='bbox 1324 4018 1514 4085; x_wconf 82' lang='lat' dir='ltr'>insplendide</span> 
     </span>
     <span class='ocr_line' id='line_1_38' title="bbox 336 4091 1578 4165; baseline 0 -15"><span class='ocrx_word' id='word_1_337' title='bbox 336 4099 563 4152; x_wconf 85' lang='lat' dir='ltr'>commentatione</span> <span class='ocrx_word' id='word_1_338' title='bbox 583 4115 631 4152; x_wconf 87' lang='lat' dir='ltr'>sua</span> <span class='ocrx_word' id='word_1_339' title='bbox 652 4099 782 4165; x_wconf 87' lang='lat' dir='ltr'>„Studien</span> <span class='ocrx_word' id='word_1_340' title='bbox 801 4100 868 4154; x_wconf 84' lang='lat' dir='ltr'>iiber</span> <span class='ocrx_word' id='word_1_341' title='bbox 882 4100 1010 4153; x_wconf 81' lang='lat' dir='ltr'>Claudius</span> <span class='ocrx_word' id='word_1_342' title='bbox 1023 4099 1209 4162; x_wconf 69' lang='lat' dir='ltr'>Ptolemitns“,</span> <span class='ocrx_word' id='word_1_343' title='bbox 1228 4099 1257 4152; x_wconf 90' lang='lat' dir='ltr'>in</span> <span class='ocrx_word' id='word_1_344' title='bbox 1269 4098 1400 4152; x_wconf 83' lang='lat' dir='ltr'>Fleckeis.</span> <span class='ocrx_word' id='word_1_345' title='bbox 1414 4098 1512 4151; x_wconf 87' lang='lat' dir='ltr'>Annal.</span> <span class='ocrx_word' id='word_1_346' title='bbox 1575 4091 1578 4096; x_wconf 77' lang='grc'><strong>’</strong></span> 
     </span>
     <span class='ocr_line' id='line_1_39' title="bbox 335 4176 1513 4248; baseline 0 -17"><span class='ocrx_word' id='word_1_347' title='bbox 335 4176 425 4244; x_wconf 84' lang='lat' dir='ltr'>Suppl.</span> <span class='ocrx_word' id='word_1_348' title='bbox 438 4177 490 4231; x_wconf 92' lang='lat' dir='ltr'>vol.</span> <span class='ocrx_word' id='word_1_349' title='bbox 505 4178 573 4232; x_wconf 85' lang='lat' dir='ltr'>XXI</span> <span class='ocrx_word' id='word_1_350' title='bbox 588 4179 680 4248; x_wconf 78' lang='lat'>(1895)</span> <span class='ocrx_word' id='word_1_351' title='bbox 698 4195 762 4247; x_wconf 84' lang='lat' dir='ltr'>pag.</span> <span class='ocrx_word' id='word_1_352' title='bbox 779 4179 830 4233; x_wconf 82' lang='lat'>138</span> <span class='ocrx_word' id='word_1_353' title='bbox 843 4179 906 4233; x_wconf 90' lang='lat' dir='ltr'>incl.</span> <span class='ocrx_word' id='word_1_354' title='bbox 922 4181 984 4233; x_wconf 89' lang='lat' dir='ltr'>adn.</span> <span class='ocrx_word' id='word_1_355' title='bbox 998 4181 1023 4232; x_wconf 88' lang='lat'>4.</span> <span class='ocrx_word' id='word_1_356' title='bbox 1054 4180 1130 4233; x_wconf 88' lang='lat' dir='ltr'>Dicit</span> <span class='ocrx_word' id='word_1_357' title='bbox 1148 4180 1220 4233; x_wconf 85' lang='lat' dir='ltr'>enim</span> <span class='ocrx_word' id='word_1_358' title='bbox 1233 4195 1287 4233; x_wconf 89' lang='lat' dir='ltr'>non</span> <span class='ocrx_word' id='word_1_359' title='bbox 1305 4178 1374 4234; x_wconf 87' lang='lat' dir='ltr'>satis</span> <span class='ocrx_word' id='word_1_360' title='bbox 1393 4194 1453 4234; x_wconf 91' lang='lat' dir='ltr'>esse</span> <span class='ocrx_word' id='word_1_361' title='bbox 1466 4195 1513 4232; x_wconf 89' lang='lat' dir='ltr'>cnr</span> 
     </span>
     <span class='ocr_line' id='line_1_40' title="bbox 334 4257 1513 4329; baseline 0.002 -20"><span class='ocrx_word' id='word_1_362' title='bbox 334 4261 461 4324; x_wconf 89' lang='lat' dir='ltr'>putemus</span> <span class='ocrx_word' id='word_1_363' title='bbox 475 4257 651 4312; x_wconf 88' lang='lat' dir='ltr'>Posidonium</span> <span class='ocrx_word' id='word_1_364' title='bbox 670 4259 767 4312; x_wconf 89' lang='lat' dir='ltr'>librum</span> <span class='ocrx_word' id='word_1_365' title='bbox 788 4259 929 4327; x_wconf 79' lang='lat' dir='ltr'>scripsisse</span> <span class='ocrx_word' id='word_1_366' title='bbox 947 4261 1084 4328; x_wconf 91' lang='lat' dir='ltr'>proprium</span> <span class='ocrx_word' id='word_1_367' title='bbox 1103 4261 1136 4315; x_wconf 90' lang='lat' dir='ltr'>de</span> <span class='ocrx_word' id='word_1_368' title='bbox 1155 4260 1221 4314; x_wconf 89' lang='lat' dir='ltr'>solis</span> <span class='ocrx_word' id='word_1_369' title='bbox 1234 4259 1433 4329; x_wconf 82' lang='lat' dir='ltr'>magnitudine,</span> <span class='ocrx_word' id='word_1_370' title='bbox 1452 4275 1513 4312; x_wconf 90' lang='lat' dir='ltr'>cum</span> 
     </span>
    </p>
   </div>
   <div class='ocr_carea' id='block_1_5' title="bbox 334 4337 1513 4486">
    <p class='ocr_par' dir='ltr' id='par_1_10' title="bbox 334 4337 1513 4486">
     <span class='ocr_line' id='line_1_41' title="bbox 334 4337 1513 4409; baseline 0 -17"><span class='ocrx_word' id='word_1_371' title='bbox 334 4337 418 4392; x_wconf 86' lang='lat' dir='ltr'>verba</span> <span class='ocrx_word' id='word_1_372' title='bbox 437 4338 491 4391; x_wconf 76' lang='grc' dir='ltr'><strong><em>ἴδιά</em></strong></span> <span class='ocrx_word' id='word_1_373' title='bbox 507 4338 566 4404; x_wconf 79' lang='grc' dir='ltr'><strong><em>περὶ</em></strong></span> <span class='ocrx_word' id='word_1_374' title='bbox 587 4339 671 4404; x_wconf 83' lang='grc' dir='ltr'><strong><em>μόνον</em></strong></span> <span class='ocrx_word' id='word_1_375' title='bbox 690 4339 782 4391; x_wconf 85' lang='grc' dir='ltr'><strong><em>τούτου</em></strong></span> <span class='ocrx_word' id='word_1_376' title='bbox 803 4339 930 4408; x_wconf 86' lang='lat' dir='ltr'>intellegi</span> <span class='ocrx_word' id='word_1_377' title='bbox 948 4341 1054 4408; x_wconf 87' lang='lat' dir='ltr'>possint</span> <span class='ocrx_word' id='word_1_378' title='bbox 1072 4340 1220 4409; x_wconf 85' lang='lat' dir='ltr'>singularis</span> <span class='ocrx_word' id='word_1_379' title='bbox 1238 4339 1348 4393; x_wconf 89' lang='lat' dir='ltr'>maioris</span> <span class='ocrx_word' id='word_1_380' title='bbox 1374 4339 1513 4393; x_wconf 89' lang='lat' dir='ltr'>cuiusdam</span> 
     </span>
     <span class='ocr_line' id='line_1_42' title="bbox 336 4417 873 4486; baseline 0.006 -16"><span class='ocrx_word' id='word_1_381' title='bbox 336 4417 422 4483; x_wconf 79' lang='lat' dir='ltr'>operis</span> <span class='ocrx_word' id='word_1_382' title='bbox 441 4448 474 4456; x_wconf 98' lang='lat'><strong>—</strong></span> <span class='ocrx_word' id='word_1_383' title='bbox 497 4418 614 4470; x_wconf 82' lang='grc' dir='ltr'><strong><em>Φυσικοῦ</em></strong></span> <span class='ocrx_word' id='word_1_384' title='bbox 633 4418 723 4486; x_wconf 83' lang='grc' dir='ltr'><strong><em>Λόγου</em></strong></span> <span class='ocrx_word' id='word_1_385' title='bbox 744 4449 776 4458; x_wconf 93' lang='lat'><em>-</em></span> <span class='ocrx_word' id='word_1_386' title='bbox 796 4419 873 4474; x_wconf 79' lang='lat' dir='ltr'>liber.</span> 
     </span>
    </p>
   </div>
   <div class='ocr_carea' id='block_1_6' title="bbox 0 0 1725 5192">
    <p class='ocr_par' dir='ltr' id='par_1_11' title="bbox 0 0 1725 5192">
     <span class='ocr_line' id='line_1_43' title="bbox 0 0 1725 5192; baseline 0 0"><span class='ocrx_word' id='word_1_387' title='bbox 0 0 1725 5192; x_wconf 95' lang='lat' dir='ltr'> </span> 
     </span>
    </p>
   </div>
  </div>
 </body>
</html>
