3425 5192
798 413 1018 474 -52-

322 593 437 671 reputo
452 595 486 654 at
500 591 673 672 perpendo,
697 589 763 654 iam
785 588 833 654 nil
855 607 988 669 prorsus
1011 594 1089 669 puto
1104 607 1175 654 esse
1189 589 1405 656 dubitationis
1420 591 1498 671 quin

322 702 407 761 tota
429 697 524 761 haec
547 715 638 777 pars
661 696 785 777 ipsius
808 694 1011 760 Posidonii
1034 695 1221 760 exhibeat
1242 697 1364 762 verba
1387 696 1499 763 salva

323 807 438 883 atque
469 803 636 885 integra.
692 802 897 883 Exprimitur
929 804 991 867 hac
1023 802 1171 867 oratione
1197 808 1265 867 tam
1289 803 1369 871 viva
1390 803 1498 886 imago

322 909 535 975 illustrissimi
571 910 659 975 illius
696 909 761 977 viri
797 910 992 990 Apamensis
1029 914 1063 974 et
1100 909 1282 975 Stoicorum
1318 911 1500 976 doctrinam

322 1017 514 1100 profitentis
538 1022 575 1082 ut
597 1016 762 1097 propriam
786 1017 854 1082 eius
878 1035 990 1082 vocem
1013 1016 1127 1081 audire
1141 1016 1311 1084 videamur
1325 1036 1385 1099 pus
1400 1023 1499 1098 atque

324 1143 483 1190 venenum
505 1124 540 1188 in
563 1123 741 1204 Epicurum
763 1125 896 1204 eiusque
919 1123 1063 1188 scholam
1087 1123 1275 1189 evomentis.

57 1279 85 1318 11.
94 1276 308 1326 nnana-noar.
412 1249 533 1314 Restat
555 1253 593 1313 ut
614 1267 719 1330 paura
742 1249 901 1329 quaedam
931 1248 1076 1313 dicamus
1108 1250 1148 1313 de
1176 1247 1217 1313 iis
1249 1267 1332 1329 quae
1364 1249 1500 1314 ultimo

323 1357 478 1423 alterius
510 1356 628 1440 partis
661 1355 744 1420 loco
778 1356 997 1437 explanantur
1021 1354 1385 1442 (168‚13-170,27),
1418 1376 1501 1436 quae

324 1465 365 1528 ad
389 1462 512 1528 exitum
536 1464 703 1527 adducunt
726 1467 829 1527 totam
852 1465 894 1527 de
915 1463 994 1527 solis
1018 1462 1243 1544 magnitudine
1269 1464 1501 1544 quaestionem.

324 1571 407 1635 Nam
438 1575 476 1635 ut
507 1569 619 1649 paucis
652 1571 934 1650 comprehendam:
971 1570 1110 1649 primum
1146 1569 1358 1636 refutabatur
1391 1589 1502 1636 eorum

324 1677 489 1742 sententia
512 1676 567 1756 qui
599 1677 763 1758 putabant
796 1676 960 1756 opinatam
991 1676 1247 1759 magnitudinem
1272 1679 1407 1743 eandem
1431 1697 1502 1743 esse

325 1789 423 1865 atque
442 1802 567 1864 veram3
592 1782 709 1848 deinde
733 1783 954 1863 quaerebatur
972 1784 1012 1848 de
1036 1782 1229 1850 certioribus
1252 1785 1409 1866 numeris3
1433 1788 1501 1848 tum

326 1891 463 1972 denique
494 1896 586 1955 terra
617 1891 652 1954 in
684 1889 958 1970 comparationem
990 1896 1109 1956 vocata
1141 1891 1299 1972 probatur
1322 1911 1403 1957 vera
1426 1891 1503 1956 solis

325 1997 524 2080 magnitudo.

414 2123 523 2203 Atque
546 2125 631 2188 hanc
655 2126 792 2205 partem,
816 2141 899 2202 quae
922 2123 957 2186 in
980 2122 1127 2187 omnibus
1151 2123 1315 2188 codicibus
1339 2128 1373 2189 et
1388 2123 1503 2188 editio·

325 2229 421 2296 nibus
435 2230 627 2295 inscribitur
645 2233 763 2310 „caput
778 2229 844 2313 ΙΙ“,
868 2229 1032 2294 artissime
1055 2248 1126 2294 esse
1150 2229 1409 2313 coniungendam
1433 2250 1504 2295 cum

326 2337 474 2418 capitol
506 2337 572 2402 iam
605 2335 751 2422 supra⁹⁹)
784 2337 1014 2403 demonstravi.
1065 2337 1136 2402 Iam
1169 2357 1239 2402 cum
1272 2336 1388 2421 omnia,
1421 2355 1505 2418 qnae

326 2446 389 2509 huc
412 2461 513 2524 usque
537 2442 684 2524 quaesivi
708 2463 747 2509 ac
770 2443 874 2509 statui
897 2444 959 2508 hac
982 2445 1022 2509 de
1045 2463 1090 2527 re,
1112 2443 1255 2509 maxima
1279 2463 1319 2508 ex
1342 2448 1438 2526 parte
1464 2481 1505 2488 -

327 2555 403 2616 sunt
427 2555 499 2615 octo
522 2549 666 2633 partium
688 2549 758 2616 fore
782 2555 907 2631 septem
931 2587 975 2596 ——
998 2553 1039 2616 ad
1054 2550 1262 2616 Posidonium
1287 2555 1397 2617 essent
1411 2570 1505 2617 revo-

328 2660 440 2741 canda,
473 2657 572 2722 etiam
605 2659 689 2722 hanc
721 2658 870 2722 ultimam
902 2664 1039 2741 partem,
1071 2658 1189 2740 quippe
1222 2677 1306 2738 quae
1339 2660 1381 2723 ad
1410 2659 1507 2723 linem

327 2768 486 2845 perducat
508 2768 610 2830 totam
634 2765 857 2845 quaestionem
881 2762 935 2850 (ci.
957 2767 1030 2839 170,
1045 2768 1166 2851 disq),
1189 2765 1336 2831 tribuero
1360 2785 1425 2831 non
1448 2767 1506 2830 du-

327 2873 396 2938 bito
419 2872 601 2938 Posidonio.
611 2869 665 2957 ¹⁰⁰)
712 2872 849 2937 Accedit
882 2875 966 2952 quod
996 2873 1124 2937 dicendi
1156 2891 1259 2956 genus
1283 2878 1506 2954 -quantum

328 2979 406 3046 licet
429 2980 582 3062 colligere
606 2998 647 3044 ex
670 2979 801 3044 tantula
824 2984 920 3060 parte
943 3017 987 3025 —
1010 2983 1047 3044 ut
1071 2985 1122 3045 est
1143 2979 1241 3044 facile
1259 2999 1392 3045 currens
1409 2989 1507 3059 atque

329 3088 470 3171 elegans,
493 3105 627 3167 prorsus
651 3085 735 3151 idem
759 3091 810 3152 est
833 3091 933 3166 atque
956 3085 990 3151 in
1013 3086 1054 3150 iis
1077 3105 1160 3166 quae
1183 3089 1390 3152 antecedunt.
1433 3086 1505 3151 Sin·

329 3195 407 3277 gula
430 3193 746 3260 commemoraverim
769 3195 864 3258 hacc:

385 3319 414 3384 1.
438 3318 643 3384 Allitteratio
674 3319 728 3385 val
761 3317 982 3384 annominatio
1020 3318 1160 3384 efficitur
1196 3318 1307 3384 verbis
1338 3318 1391 3405 (ci.
1423 3320 1509 3400 App.

436 3446 466 3507 p.
483 3427 523 3489 62
536 3424 608 3510 sq.):

440 3535 627 3615 170,11sq.
674 3539 769 3615 σῶμα
802 3532 865 3596 ὑπὸ
899 3534 1048 3616 σώματος
1080 3536 1251 3617 φωτίζηται
1284 3535 1511 3616 σφαιροειδοῦς

331 3640 539 3723 σφαιροειδές.

386 3763 415 3829 2.
438 3764 564 3846 Figura
583 3783 666 3844 quae
687 3763 808 3830 dicitur
826 3765 977 3831 traiectio
997 3765 1138 3832 occurrit
1161 3765 1215 3851 (ci.
1234 3766 1317 3847 App.
1337 3787 1366 3846 p.
1383 3765 1510 3849 58sq.):

441 3873 513 3955 168,
530 3873 649 3952 26sqq.
691 3873 778 3936 Ἐπεὶ
811 3871 869 3936 οὗν
898 3875 918 3955 ἡ
952 3881 992 3954 γῆ
1023 3874 1082 3955 μὲν
1115 3874 1190 3936 οὐδὲ
1221 3872 1396 3937 πολλοστὸν
1428 3874 1509 3935 ἄπο-

422 4130 456 4200 99)
476 4132 545 4200 Vide
565 4131 626 4183 adn.
640 4131 674 4183 42
688 4147 751 4198 pag.
766 4131 809 4183 20.

424 4211 468 4280 1⁰⁰)
487 4211 633 4264 Rationem
652 4226 720 4276 quac
739 4211 821 4264 tertio
840 4210 897 4263 loco
913 4210 984 4279 (170,
1001 4211 1031 4263 ll
1048 4212 1116 4280 sqq.)
1135 4209 1249 4264 affertur
1272 4225 1337 4264 vere
1361 4225 1418 4264 esse
1436 4209 1514 4263 Posi-

335 4292 478 4344 domanam
497 4291 649 4345 Macrobius
668 4296 787 4344 testatur
805 4291 833 4343 in
853 4291 1000 4344 Commeat.
1019 4291 1048 4343 in
1066 4291 1155 4345 Somn.
1174 4290 1242 4358 Scip.
1263 4291 1285 4358 Ι,
1305 4291 1347 4359 20,
1362 4291 1378 4342 9
1392 4306 1449 4357 sqq.
1466 4290 1515 4343 nbi

336 4370 494 4424 Posidonius
513 4376 606 4438 aperte
624 4371 788 4424 nominatur.
820 4371 912 4437 Atque
930 4372 1001 4424 hanc
1014 4372 1127 4424 eandem
1139 4371 1272 4425 rationem
1288 4369 1414 4425 adhibuit
1428 4368 1514 4423 etiam

336 4450 441 4504 Plinius
460 4451 533 4519 (Nat.
547 4451 617 4505 Hist.
631 4451 667 4517 Il,
683 4453 714 4504 51
731 4453 789 4520 sq).
