3425 5192
707 1352 855 1464 Vita.

279 1639 384 1704 Natus
421 1658 490 1704 sum
527 1639 677 1721 Rudolph
714 1641 792 1704 Max
824 1640 950 1704 Arnold
985 1639 1020 1704 in
1057 1641 1138 1706 urbe
1175 1639 1362 1705 Chemnicia

187 1765 218 1811 a.
236 1747 264 1809 d.
280 1745 335 1811 VI.
352 1745 425 1810 Kal.
440 1747 516 1811 Jun.
531 1748 608 1811 anni
643 1748 727 1812 1868
759 1752 855 1828 patre
887 1746 1059 1812 Friedrich
1090 1748 1262 1830 Ehregott,
1294 1746 1363 1811 ludi

185 1852 346 1916 litterarii
378 1853 543 1936 magistro,
576 1859 610 1918 et
642 1855 738 1918 Anna
770 1853 889 1935 Sophie
913 1873 930 1918 e
954 1859 1052 1936 gente
1084 1854 1225 1919 Tetzner
1257 1859 1361 1918 matre
1472 1866 1474 1871 '

151 1957 152 1962 ’
187 1959 366 2042 carissima,
390 1979 471 2039 quos
495 1960 560 2025 iam
583 1979 645 2025 non
670 1979 741 2024 esse
765 1961 959 2041 superstites
983 1960 1080 2025 valde
1094 1979 1230 2025 maereo.
1266 1960 1362 2025 Fidei

186 2065 337 2130 addictus
360 2085 431 2131 sum
454 2067 672 2150 evangelicae.

277 2172 396 2238 Primis
418 2174 603 2239 litterarum
628 2174 820 2240 rudimentis
847 2175 991 2239 imbutus
1015 2192 1092 2241 vere
1115 2173 1193 2239 anni
1218 2177 1303 2240 1878
1327 2175 1360 2240 11

187 2280 402 2361 Gymnasium
430 2285 580 2362 receptus
611 2300 680 2346 sum
709 2280 964 2364 Chemniciensa
997 2283 1082 2361 quod
1114 2287 1193 2346 tunc
1224 2281 1361 2347 florebat

186 2388 247 2451 sub
272 2387 426 2469 auspiciis
450 2387 636 2453 Wohlrabii
659 2388 835 2469 paucisque
859 2389 953 2454 annis
975 2393 1049 2470 post
1073 2388 1243 2471 Gehlertii,
1266 2408 1361 2470 prae·

187 2497 355 2573 ceptorum
386 2494 685 2560 illustrissimorum.
739 2495 825 2560 Vere
858 2495 935 2560 anni
966 2496 1049 2560 1887
1079 2495 1280 2560 maturitatis
1311 2495 1361 2560 in·

186 2605 332 2665 structus
355 2620 425 2666 sum
448 2600 642 2684 testimonio,
667 2603 723 2667 sed
737 2601 927 2668 valetudine
940 2602 1038 2667 nimio
1053 2603 1239 2667 litterarum
1253 2602 1360 2667 studio

185 2703 295 2772 111111
318 2707 351 2771 in
375 2709 520 2773 morbum
543 2708 643 2773 incidi
666 2710 903 2792 gravissimum.
941 2708 1020 2774 Cum
1043 2709 1158 2774 mirum
1182 2710 1216 2774 in
1233 2711 1361 2774 modum

185 2815 297 2879 morbo
322 2833 424 2879 essem
448 2821 623 2899 recreatus,
647 2835 706 2897 per
730 2816 909 2897 complures
933 2835 1034 2881 annos
1058 2822 1210 2883 versatus
1233 2834 1303 2880 sum
1326 2815 1360 2880 in

185 2920 395 2986 instituendis
420 2921 586 3002 discipulis
610 2922 665 3001 qui
688 2922 765 3002 quia
788 2922 951 3004 ingeniolo
970 2924 1093 2987 modico
1109 2927 1204 2987 erant
1218 2922 1360 3003 praediti

185 3032 244 3092 aut
280 3033 376 3093 erant
412 3028 540 3112 ignavi,
577 3047 692 3110 parum
728 3028 937 3110 proiecerant
973 3029 1007 3094 iu
1043 3028 1174 3094 litteris.
1233 3028 1359 3093 Deinde

185 3139 340 3200 autumno
373 3136 450 3199 anni
484 3138 566 3200 1897
600 3155 651 3200 me
688 3136 811 3201 contuli
847 3136 882 3200 in
918 3136 1119 3217 Lipsieusem
1156 3135 1359 3200 Litterarum

185 3241 452 3307 Universitatem.

275 3348 409 3414 Scholas
423 3348 631 3429 frequentavi
646 3349 749 3417 vvill.
760 3349 977 3414 Biedermann
993 3347 1039 3435 (†‚
1050 3349 1092 3433 2),
1107 3348 1358 3414 Biroh-Hirsch-

184 3453 252 3520 feld
276 3454 334 3540 (5),
371 3456 511 3520 Dalman
539 3456 600 3541 (1),
635 3458 747 3522 Elster
770 3455 830 3540 (1),
867 3456 988 3521 Fricke
1012 3455 1074 3542 (1),
1111 3454 1358 3541 Η11111111(),

184 3561 268 3626 Holz
292 3561 348 3646 (1),
371 3562 523 3628 Immisch
547 3563 603 3648 (1),
626 3564 815 3646 Jungmann
839 3561 895 3647 (1),
918 3563 1049 3645 Lipsius
1071 3562 1128 3647 (1),
1151 3563 1286 3628 Martini
1301 3561 1357 3646 (6),

184 3669 281 3732 Marx
304 3669 360 3752 (9),
393 3670 512 3734 Ρ11111
535 3669 590 3755 (2),
623 3670 760 3734 Richter
783 3668 838 3753 (1),
871 3669 1039 3752 Settegast
1062 3668 1118 3753 (4),
1147 3669 1277 3734 Sievers
1302 3667 1358 3752 (6),

185 3773 329 3840 Sommer
352 3776 408 3860 (1),
433 3776 584 3859 Stdrring
607 3776 618 3858 (
643 3776 663 3861 ),
693 3776 889 3840 Studnitzka
904 3774 959 3860 (5),
983 3775 1117 3840 Volkelt
1140 3773 1196 3859 (2),
1220 3775 1358 3839 Wachs-

184 3883 277 3946 muth
299 3881 355 3967 (3),
380 3883 543 3966 Weigend
566 3883 622 3967 (1),
646 3882 817 3948 Windisch
841 3881 897 3966 (8),
922 3883 1060 3946 77111111
1082 3880 1136 3966 (9),
1161 3882 1286 3946 Wundt
1300 3882 1357 3964 (8).

272 3990 503 4055 Proseminarii
526 3991 683 4073 philologi
706 3989 995 4055 exercitationibus
1018 3988 1201 4053 Immischio
1220 3997 1356 4070 regente

182 4114 242 4176 per
265 4097 405 4176 quinque
429 4102 463 4161 et
487 4102 642 4176 quattuor
665 4096 835 4162 1111111111
858 4096 1002 4179 interfui,
1035 4101 1170 4177 regente
1200 4095 1355 4160 Martinio

181 4221 242 4282 per
265 4208 427 4281 quattuor.
464 4203 705 4268 Wachsmuthii
728 4202 954 4269 benevolentia
978 4202 1117 4284 contigit
1139 4207 1176 4267 ut
1191 4201 1356 4267 seminarii

181 4309 338 4391 philologi
361 4315 395 4374 et
427 4308 593 4376 seminarii
616 4309 771 4390 historici
786 4329 843 4390 per
876 4308 1005 4391 singula
1038 4308 1208 4374 1111111111
1234 4307 1356 4373 sodalis

181 4415 358 4499 reciperer,
395 4417 482 4482 illius
516 4416 808 4498 extraordinarius,
845 4416 940 4479 huius
973 4402 1165 4480 ordinarius.
1220 4415 1358 4480 Accedit
