3425 5192
313 1430 356 1514 Si,
380 1430 520 1510 exempli
533 1449 641 1512 causa,
664 1429 823 1511 trianguli
842 1427 1041 1508 aequicrurii
1062 1428 1169 1492 latera
1184 1428 1399 1510 duplicentur,

225 1537 386 1602 efficietur
410 1538 504 1602 huius
528 1537 687 1620 trianguli
710 1536 799 1602 basis
828 1536 949 1616 duplex
971 1534 1098 1617 prioris,
1144 1534 1228 1599 Dein
1252 1535 1281 1599 si
1303 1534 1399 1600 huius

224 1643 384 1727 trianguli
406 1644 513 1709 latera
530 1643 736 1725 duplicentur
760 1643 922 1708 efficietur
936 1642 1138 1724 triangulum
1161 1641 1400 1720 aequicrurium

225 1750 314 1816 cuius
338 1751 427 1816 basis
458 1750 660 1831 quadruplex
683 1750 747 1814 erit
771 1749 840 1815 eius
869 1767 953 1828 quac
975 1749 1065 1813 basis
1089 1748 1154 1813 fuit
1175 1748 1272 1829 primi
1295 1747 1399 1813 trian-

224 1857 301 1939 guli.
348 1860 457 1936 Atque
482 1859 594 1922 eadcm
616 1858 698 1922 haec
721 1857 807 1922 ratio
832 1856 1042 1939 progreditur
1064 1855 1098 1919 in
1121 1855 1291 1920 infinitum.

314 1981 359 2048 Of.
374 1983 466 2047 Eucl.
480 1983 582 2047 Elem.
593 1981 649 2065 VI,
660 1985 688 2047 9.
703 1978 1397 2066 12.(v01.II‚105.109.ed.Heib.)-Eucl.

224 2089 313 2154 Data
337 2091 388 2155 34.
404 2091 454 2154 35.
480 2089 556 2173 (vol.
572 2088 627 2172 VI,
653 2091 693 2153 57
710 2107 778 2168 sqq.
794 2090 842 2153 ed.
858 2087 966 2173 Heib.)

313 2213 417 2296 Quam
443 2233 512 2279 rem
545 2213 621 2294 quia
649 2213 730 2279 satis
763 2213 898 2295 probari
924 2212 989 2277 nisi
1021 2217 1203 2294 geometres
1232 2210 1398 2276 adiuverit

224 2339 289 2386 non
312 2327 421 2403 potest
445 2321 614 2402 explicabo
638 2321 727 2386 hisce
750 2323 876 2386 duabus
900 2319 1180 2399 descriptionibus,

223 3592 385 3657 Ponamus
408 3609 506 3656 nunc:

313 3718 355 3808 A:
380 3719 464 3782 unde
488 3715 588 3781 oculis
613 3713 808 3797 spectatoris
833 3718 1009 3779 cernantur
1032 3712 1139 3778 insula
1163 3718 1197 3777 et
1220 3713 1276 3783 sol

313 3833 342 3898 l:
367 3833 515 3898 insulam.

314 3947 348 4012 S:
373 3948 480 4013 solem.

314 4071 424 4136 AI=
434 4073 451 4136 I
461 4071 492 4155 S,
515 4071 534 4135 1.
551 4091 577 4137 e.
592 4047 732 4137 insulam
745 4071 871 4137 distare
892 4069 1019 4136 anobis
1044 4070 1154 4134 eodem
1178 4067 1283 4148 spatio
1298 4072 1398 4148 atquc

224 4179 324 4244 solem
349 4180 390 4245 ab
414 4179 529 4244 insula.

313 4299 390 4368 B'o'
407 4303 417 4389 ΙΙ
435 4303 502 4387 ΒΟ,
525 4304 545 4367 1.
561 4322 587 4368 e.
603 4301 809 4368 dimetientes
832 4299 910 4368 B'o'
925 4308 958 4366 ct
979 4301 1038 4366 ΒΟ
1061 4320 1131 4367 5555
1145 4300 1194 4365 ita
1217 4298 1397 4380 descriptas

223 4415 261 4475 ut
283 4410 351 4476 sint
373 4410 559 4492 parallelae.
