3425 5192
662 421 882 484 „59-

184 597 211 666 6)
230 597 294 651 Ath.
309 595 386 648 213⁰.
422 594 521 662 μεγάλα
538 593 664 660 πέμπεται
683 595 851 661 στρατόπεδα.

184 685 211 755 7)
230 685 300 740 Ath.
316 683 396 738 214¹.
434 683 465 737 τὰ
483 683 606 746 έξόπιούε
624 690 669 751 τῆς
687 683 768 750 νήσου
787 683 866 742 ε’άσας
885 682 1033 750 ἀφύλακτα.

184 775 211 844 8)
230 774 302 830 Ath.
316 774 395 828 4660.
426 772 584 839 τετράμνουν
603 772 705 840 ἑκάστῳ
730 778 782 825 τῶν
801 773 960 839 τριακοσίων
979 771 1092 839 ἔκπωμα
1110 772 1201 824 δοῦναι
1219 769 1350 841 ἀργυροῦν

184 865 212 933 9)
230 863 265 919 D.
279 863 313 928 V,
332 863 405 930 26,1
433 870 506 914 πνεῖν
531 861 658 915 είώδασιν
690 861 780 929 ἄνεμοι
809 859 966 929 τηλικαύτην
991 861 1093 929 ἔχοντες
1120 862 1288 930 σφοδρότητα
1315 860 1361 914 καί

293 953 410 1022 δύναμιν.

187 1043 231 1112 10)
250 1043 283 1096 D.
301 1041 334 1109 V,
353 1041 396 1107 26,
415 1042 430 1095 3
461 1040 553 1110 λάβρῳ
571 1040 704 1109 χρώμενοι
723 1048 761 1107 τῷ
779 1049 861 1108 ποτῷ.

186 1132 230 1200 11)
250 1131 282 1186 D.
296 1131 330 1196 V,
349 1131 421 1200 27,1
450 1129 578 1199 μεγάλους
596 1130 782 1199 ἀπορρηγνῦσα
801 1130 945 1190 κολωνούς.

186 1220 231 1291 12)
249 1221 282 1275 D.
301 1221 335 1286 V,
354 1221 396 1290 33,
416 1221 432 1274 5
457 1219 611 1288 θαυμαστάς
629 1229 764 1274 ποιοῦνται
781 1221 877 1289 μάχας.

188 1311 230 1380 13)
249 1310 283 1364 D.
303 1311 336 1379 V,
354 1310 397 1378 34,
415 1311 431 1364 6
460 1310 610 1379 συστήματα
625 1309 654 1362 δὲ
671 1310 824 1377 ποιήσαντες
842 1309 973 1379 ἀξιόλογα.

187 1399 230 1469 14)
250 1401 287 1455 l).
305 1400 341 1472 V,
359 1400 439 1471 34,ss
476 1400 589 1467 κούφοις
612 1397 661 1468 γάρ
685 1399 819 1468 χρώμενοι
842 1399 1034 1465 καθοπλισμοῖς
1063 1397 1109 1451 καί
1135 1397 1269 1455 παντελῶς
1292 1398 1363 1455 ὄντες

292 1489 425 1556 εὐκίνητοι
443 1489 489 1541 καί
508 1489 584 1551 ὀξεῖς.

187 1578 231 1648 15)
249 1579 282 1632 D.
307 1579 341 1646 V,
360 1579 403 1646 35,
423 1579 436 1631 l
466 1579 532 1646 αὕτη
555 1576 604 1647 γὰρ
628 1577 645 1646 ἡ
668 1578 746 1646 χώρα
770 1578 864 1646 σχεδόν
886 1599 909 1630 τι
931 1578 1050 1630 πλεῖστον
1077 1575 1123 1630 καί
1150 1575 1287 1629 κάλλιστον
1310 1575 1362 1643 ἔχει

291 1667 512 1734 μεταλλευόμενον
530 1667 645 1736 ἄργυρον
663 1667 708 1720 καί
730 1666 827 1726 πολλὰς
846 1675 899 1727 τοῖς
922 1666 1104 1735 ἐργαζομένοις
1125 1665 1264 1734 παρέχεται
1280 1683 1363 1731 προσ-

293 1757 379 1815 όδους.

188 1845 232 1915 16)
249 1845 284 1899 D.
299 1846 334 1911 V,
347 1845 420 1910 35,3
447 1845 552 1898 πολλῶν
569 1845 599 1899 δὲ
615 1846 699 1898 ὄντων
711 1845 739 1898 ἒν
757 1845 845 1905 αὐτοῖς
860 1847 970 1915 δρυμῶν
986 1844 1033 1898 καί
1045 1850 1156 1898 πυκνῶν
1170 1853 1222 1903 τοῖς
1237 1843 1363 1910 δένδρεσι.

188 1935 232 2003 17)
251 1935 283 1988 1).
297 1933 330 2001 V,
346 1933 389 2004 35,
404 1934 421 1986 5
447 1932 546 2002 πολλὴν
563 1935 687 2003 λαβόντες
706 1935 824 2004 αὔξησιν.

189 2023 232 2093 18)
251 2023 285 2079 D.
304 2023 338 2088 V,
356 2023 399 2092 39,
417 2023 433 2076 2
462 2022 507 2076 καί
526 2025 647 2092 τοιαύτην
665 2025 767 2093 ἔχοντες
785 2025 813 2077 έν
832 2033 885 2084 τοῖς
904 2025 989 2092 ἔργοις
1007 2023 1198 2077 κακοπάθειαν.

188 2113 232 2182 19)
251 2111 285 2166 D.
304 2112 339 2177 V,
358 2113 401 2178 39,
421 2113 437 2165 2
455 2111 608 2184 Δσυνεργούς
628 2115 716 2182 ἔχουσι
736 2112 780 2173 τάς
798 2123 932 2184 γυναῖκας.

187 2201 232 2271 20)
251 2203 284 2256 D.
299 2202 333 2267 V,
348 2201 392 2270 39,
406 2203 421 2255 3
449 2203 575 2270 κυνηγίας
594 2201 623 2255 δὲ
639 2211 774 2257 ποιοῦνται
793 2213 917 2272 συνεχεῖς.

187 2289 233 2361 21)
252 2291 285 2344 D.
300 2290 425 2362 XXXIV,
441 2305 462 2358 ε,
479 2292 511 2345 16
542 2292 684 2360 συνέδρους
703 2314 728 2346 τε
746 2291 806 2353 τούς
825 2293 926 2346 συνέσει
944 2293 1088 2350 δοκοῦντας
1107 2291 1240 2358 διαφέρειν
1257 2289 1364 2358 ποιησά-

296 2399 382 2447 μενος.

188 2468 234 2539 22)
252 2469 286 2522 D.
299 2469 426 2534 XXXIV,
439 2485 460 2539 2,
475 2470 508 2524 16
541 2470 584 2523 τὸν
603 2472 712 2524 δυνατὸν
730 2472 895 2530 καθοπλίσας
913 2472 1017 2538 τρόπον.

188 2558 233 2629 23)
252 2560 289 2615 Ι).
302 2559 442 2630 XXXIV,
461 2573 482 2625 2,
495 2560 530 2614 16
562 2560 635 2629 ε’πῄει
653 2569 740 2614 πᾶσαν
758 2561 892 2629 λεηλατῶν
910 2560 957 2629 τὴν
974 2561 1076 2629 χώραν.

188 2649 233 2720 24)
252 2650 289 2704 D.
304 2649 443 2720 XXXIV,
460 2665 487 2718 2,
500 2650 534 2704 21
562 2650 615 2702 εἷλε
632 2650 678 2704 καὶ
697 2651 792 2718 ταύτην
809 2651 938 2718 προδοσίᾳ
957 2649 1004 2718 τὴν
1021 2649 1104 2702 πόλιν.

189 2737 234 2808 25)
252 2739 285 2792 D.
300 2737 427 2804 XXXIV,
446 2753 466 2804 ε,
482 2739 516 2793 25
547 2741 642 2799 δειναῖς
660 2741 812 2807 περιέπεσον
830 2745 989 2808 συμφοραῖς.

189 2827 234 2898 26)
253 2827 320 2884 Gal.
335 2828 399 2899 408,
413 2829 430 2882 2
443 2843 509 2898 sqq.
547 2829 593 2883 καί
610 2827 659 2896 μὲν
677 2829 710 2898 δὴ
735 2829 773 2888 ὡς
795 2829 812 2898 ἡ
836 2831 938 2897 κίνησις
957 2829 1022 2898 αὕτη
1042 2837 1096 2887 ταῖς
1115 2835 1168 2881 τῶν
1186 2827 1296 2881 ἀστείων
1314 2826 1365 2880 ούκ

296 2915 419 2984 έγγίνεται
436 2925 544 2985 φυχαῖς,
565 2917 730 2986 ὡμολόγηται
748 2917 811 2985 παρ’
829 2917 938 2986 ἀμφοῖν.

192 3004 238 3074 27)
257 3005 298 3058 Pl.
313 3006 380 3059 Mar.
395 3006 446 3060 e.1
479 3007 564 3073 τρίτον
582 3007 633 3060 οὐκ
653 3007 747 3075 ἔχομεν
765 3007 845 3060 εἰπεῖν
864 3009 955 3074 ὄνομα.

191 3094 236 3164 28)
254 3093 296 3148 Pl.
311 3094 378 3149 Mar.
393 3111 415 3149 c.
429 3094 446 3147 2
478 3094 666 3164 ἀμορφοτάτην
683 3097 799 3165 ἐπέθηκε
818 3097 962 3164 κορωνίδα.

191 3183 236 3252 29)
255 3183 296 3236 ΡΙ.
310 3181 382 3238 Mar.
397 3199 419 3238 c.
435 3184 451 3236 2
478 3183 594 3250 ἄκρατον
611 3185 640 3237 δν
658 3193 712 3244 ταῖς
731 3186 861 3248 ἐξουσίαις
879 3185 923 3239 τὸν
941 3184 1030 3252 δυμὸν
1048 3184 1115 3253 ἔσχε.

191 3271 236 3342 30)
254 3271 304 3327 ΡΙ.
319 3272 394 3327 Har.
410 3273 467 3328 002
495 3272 561 3340 μήτε
580 3274 718 3342 γράμματα
738 3275 835 3342 μαθεῖν
845 3273 986 3343 Ἑλληνικὰ
1003 3273 1069 3343 μήτε
1088 3273 1188 3341 γλώττῃ
1207 3273 1273 3341 πρὸς
1284 3272 1368 3342 μηδὲν

295 3360 424 3428 Ἑλληνίδι
442 3362 558 3430 χρῆσθαι
577 3369 631 3416 τῶν
650 3365 766 3432 σπουδῆς
785 3364 927 3432 ἐχομένων.

191 3449 238 3520 31)
256 3449 297 3505 ΡΙ.
312 3449 379 3504 Mar·
394 3467 417 3506 c.
430 3452 464 3504 45
495 3451 547 3504 ύπδ
566 3453 691 3506 τοιούτων
709 3454 875 3521 δραυόμενος
893 3453 1033 3522 λογισμῶν.

193 3539 238 3609 32)
256 3539 297 3593 ΡΙ.
311 3540 378 3594 Mar.
392 3556 414 3594 e.
429 3541 464 3594 45
495 3541 531 3600 είς
550 3541 661 3609 ἀπορίας
680 3542 796 3595 ε’νέπιπτε
815 3543 908 3601 δεινάς.

192 3629 237 3698 33)
256 3629 305 3684 ΡΙ.
319 3629 396 3684 Iar.
412 3645 439 3686 υ.
453 3631 489 3684 45
520 3631 573 3683 νέοι
590 3633 794 3699 προσπίπτοντες
812 3631 885 3698 αὐτῷ
905 3633 994 3700 φόβοι.

193 3717 237 3787 34)
257 3716 321 3774 Str.
336 3719 387 3773 147
420 3717 574 3786 θησαυρούς
601 3718 666 3773 εἶναι
689 3721 797 3788 φύσεως
820 3720 930 3778 ἀενάους
954 3719 970 3787 ἢ
995 3727 1109 3786 ταμιεῖον
1132 3719 1269 3788 ἡγεμονίας
1292 3719 1369 3772 ἀνέκ-

299 3806 409 3861 λειπτον.

193 3894 239 3963 35)
258 3894 322 3950 Str.
335 3897 387 3950 147
425 3896 531 3956 σκολιὰς
550 3899 695 3965 τεμνόντων
713 3899 759 3951 καί
777 3898 889 3968 βαθείας
908 3897 952 3956 τὰς
970 3898 1103 3967 σύριγγας.

193 3984 239 4053 36)
259 3984 312 4038 Str.
332 3984 382 4038 196
412 3985 580 4054 παραπλήσια
599 3987 704 4055 ἔχοντας
723 3986 753 4040 τὰ
770 3988 885 4041 πλεῖστα.

195 4072 239 4143 37)
258 4074 311 4128 Str.
328 4074 379 4127 196
416 4075 514 4141 ὅμορόν
533 4096 559 4128 τε
578 4076 682 4129 οίκοῦσι
700 4077 801 4144 χώραν.

195 4161 240 4231 38)
260 4161 391 4218 Str·196
427 4164 488 4216 όταν
506 4164 548 4217 ὑπ’
570 4165 658 4218 ἄλλων
676 4166 854 4235 ε’κβάλλωνται
873 4168 1038 4233 κρειττόνων.

194 4251 240 4320 39)
259 4251 325 4308 Str.
341 4253 393 4307 197
429 4252 496 4321 πρὸς
514 4253 559 4313 τὰς
578 4260 631 4307 τῶν
650 4255 749 4323 ὅρνεων
767 4262 883 4323 χρῶνται
900 4256 996 4325 θήρας.

195 4341 241 4412 40)
260 4342 312 4396 Str.
329 4341 380 4396 197
417 4343 524 4413 ύορυβῇ
543 4343 587 4396 τόν
604 4344 709 4413 λέγοντα
728 4347 773 4398 καὶ
792 4345 955 4414 ύποκρούοη.
