3425 5192
784 413 1007 476 ,23-

522 589 655 652 umbras
687 586 835 654 efficiunt
867 587 1053 671 parallelas,
1090 589 1176 668 quod
1207 607 1272 653 non
1303 588 1397 654 fieret
1420 590 1484 656 nisi

521 693 763 760 effunderentm
799 694 886 759 radii
922 694 1005 760 recti
1042 700 1077 760 et
1119 695 1404 778 perpendiculares
1441 698 1483 762 ad

520 819 779 881 unamquamque
803 820 923 866 aarum.

465 927 499 1010 β)
520 929 592 1010 138,
610 928 789 1010 13-140,
805 929 834 990 6.
884 925 967 991 Solis
991 927 1181 1010 magnitudo
1201 929 1405 994 tantumdem
1428 948 1483 994 ex-

520 1033 668 1099 tenditur
699 1033 734 1098 in
765 1032 975 1099 latitudinem
1007 1038 1042 1098 ot
1068 1033 1304 1118 longitudinem
1327 1040 1483 1115 quantum

520 1146 620 1224 terra,
648 1141 725 1220 quia
747 1158 857 1206 omnes
880 1139 1025 1207 vicorum
1048 1141 1186 1224 plateae,
1219 1159 1303 1221 quae
1326 1146 1402 1207 sunt
1424 1162 1484 1224 per

521 1253 626 1312 totam
652 1251 775 1313 terram
805 1247 991 1313 habitatam
1015 1248 1058 1312 ad
1081 1247 1353 1327 aequinoctialem
1376 1253 1484 1314 ortum

520 1372 705 1437 conversae,
738 1353 808 1420 sine
840 1354 957 1419 umbra
988 1357 1066 1420 sunt
1095 1354 1162 1420 0010
1186 1355 1320 1439 oriente,
1352 1355 1483 1437 plateae

521 1463 563 1526 ad
586 1460 753 1526 meridiem
776 1479 954 1528 conversae
975 1460 1211 1527 collustrantur
1233 1461 1376 1528 meridie.

468 1585 498 1670 y)
522 1589 594 1669 140,
612 1587 728 1650 7-11,
775 1585 881 1651 Solem
905 1604 969 1651 non
994 1604 1066 1651 esse
1093 1587 1241 1667 pedalem
1265 1586 1385 1667 optime
1407 1585 1483 1653 inde

521 1693 687 1776 colligitur
710 1694 794 1773 quod
826 1693 884 1759 ubi
915 1693 1067 1774 pervenit
1094 1694 1142 1758 sol
1172 1694 1214 1758 ad
1238 1712 1390 1759 cancrum
1412 1694 1482 1776 ipso

521 1799 656 1865 meridie
688 1799 816 1882 Syenae
848 1801 965 1866 umbra
996 1805 1112 1865 carent
1144 1799 1251 1866 omnia
1288 1805 1387 1881 atque
1419 1801 1483 1884 col·

519 1907 706 1972 lustrantur
728 1907 762 1972 in
785 1905 924 1973 circuitu
949 1909 1014 1972 300
1037 1907 1188 1972 stadium.

467 2032 498 2118 0)
523 2034 752 2115 140,12-22.
798 2031 932 2098 Umbris
956 2031 1094 2113 denique
1112 2031 1192 2113 ipsis
1205 2032 1372 2098 indicatur
1385 2033 1485 2098 solem

521 2158 586 2205 non
609 2157 680 2204 esse
703 2138 860 2223 pedalem,
885 2156 968 2218 quae
991 2139 1122 2220 quidem
1145 2140 1341 2204 emittuntur
1363 2141 1483 2206 00100-

520 2245 628 2328 giores
647 2263 709 2326 quo
732 2245 914 2327 propiorem
932 2247 975 2311 ad
988 2245 1155 2311 finientem
1168 2247 1217 2311 sol
1231 2245 1358 2312 obtinet
1371 2246 1485 2313 locum.

395 2371 573 2450 Postquam
596 2369 737 2452 scriptor
759 2369 820 2436 tali
843 2371 936 2436 modo
958 2370 1102 2436 ostendit
1125 2371 1224 2436 solem
1247 2389 1312 2437 non
1335 2389 1407 2437 esse
1429 2391 1484 2453 pe-

307 2477 422 2561 dalem,
454 2476 488 2542 in
519 2476 560 2542 iis
589 2496 674 2558 quae
697 2481 878 2558 sequuntur
901 2479 1103 2542 demonstrat
1126 2478 1204 2543 solis
1226 2478 1485 2561 magnitudinem

308 2603 380 2650 esse
401 2583 577 2668 ingentem.

263 2847 287 2887 1.
354 2825 392 2892 Β.
418 2826 490 2910 140,
506 2827 754 2909 23-150,30.
800 2822 923 2892 Solem
951 2825 1207 2908 magnitudine
1233 2843 1313 2893 osso
1336 2825 1485 2892 indulta

415 2932 517 3001 hisce
540 2933 720 3017 probatur
742 2933 870 3001 robus:

416 3073 453 3161 a)
471 3078 544 3159 140,
560 3077 601 3140 23
612 3112 657 3121 -
669 3077 741 3158 142,
757 3077 785 3139 3.
832 3074 916 3140 Solis
931 3074 1102 3140 dimetiens
1116 3075 1221 3140 maior
1234 3080 1286 3142 est
1299 3095 1395 3156 quam
1409 3094 1483 3143 ver·

470 3182 551 3248 tices
575 3182 717 3247 maximi.
762 3183 815 3248 Ab
838 3181 881 3246 iis
904 3181 989 3247 enim
1012 3181 1067 3262 qui
1090 3182 1219 3265 longius
1242 3201 1263 3247 a
1286 3182 1412 3250 vertice
1435 3182 1482 3247 di-

468 3293 567 3373 stant,
591 3308 662 3354 cum
681 3289 729 3355 sol
743 3289 837 3355 iuxta
856 3288 974 3354 montis
989 3288 1146 3355 verticem
1160 3289 1265 3354 oritur
1278 3289 1333 3358 vel
1356 3289 1482 3372 occidit,

467 3414 580 3480 margo
612 3395 681 3461 eins
714 3395 915 3477 conspicitur
951 3397 993 3461 ab
1030 3400 1170 3476 utraque
1206 3396 1341 3464 verticis
1377 3401 1482 3478 parte.

467 3501 575 3583 Quare
607 3521 671 3568 non
703 3505 796 3569 modo
828 3521 894 3569 non
925 3501 1098 3589 pedalis⁶¹)
1132 3509 1183 3569 est
1212 3504 1270 3587 sol,
1302 3503 1483 3569 sedetiam

467 3609 592 3676 vertice
615 3609 770 3676 maiorem
793 3611 895 3676 habet
918 3609 1150 3676 dimetientem.

416 3737 455 3818 0)
473 3738 546 3820 142,
562 3737 635 3800 3-
648 3738 720 3820 144,
736 3738 787 3800 21.
834 3736 917 3803 Solis
932 3736 1110 3801 diametrus
1124 3735 1251 3802 infinito
1265 3754 1366 3818 prope
1380 3737 1485 3801 maior

467 3849 518 3909 est
531 3843 746 3911 maximarum
759 3842 940 3909 insularum
954 3843 1130 3909 diametris.
1177 3843 1270 3926 Quod
1293 3847 1330 3908 ut
1353 3844 1483 3909 demon-

467 3954 573 4016 strent
595 3949 828 4033 mathematici,
852 3969 922 4015 rem
943 3949 1123 4015 instituunt
1146 3950 1206 4015 sic:

396 4206 429 4277 m)
448 4206 587 4272 Persaeque
601 4221 633 4259 00
647 4205 784 4273 superiore
798 4206 856 4260 loco
868 4207 942 4275 lvide
954 4222 1017 4274 pag.
1032 4207 1067 4259 26
1081 4223 1120 4273 sq.
1135 4207 1169 4259 ad
1184 4207 1244 4272 134,
1261 4206 1358 4276 1-14)
1371 4220 1485 4274 eaquae

307 4293 457 4354 sequuntur
476 4285 610 4340 artissime
629 4285 818 4356 adiunguntur
836 4286 871 4340 iis
893 4301 961 4353 quae
979 4287 1060 4354 paulo
1079 4292 1143 4341 ante
1161 4293 1226 4341 sunt
1244 4291 1377 4353 tractata,
1400 4290 1485 4354 atque

306 4368 335 4421 id
358 4368 404 4421 illo
427 4367 485 4422 loco
509 4365 599 4422 verbis
622 4366 712 4434 ἡλίκος
736 4368 854 4434 φαίνεται
879 4366 924 4436 (01.
939 4368 1023 4420 etiam
1042 4367 1103 4420 adn.
1122 4367 1165 4421 49.
1185 4384 1247 4436 pag.
1262 4367 1331 4437 26),
1354 4366 1486 4422 hocloco

307 4449 378 4516 (140,
393 4448 428 4501 24
441 4449 492 4516 sq.)
510 4462 576 4501 Voce
593 4447 720 4505 ποδιαῖος.
