3425 5192
804 415 1025 481 ..48-

488 595 553 657 ἔνια
586 595 666 674 μέρη
696 592 793 673 αὐτῆς
820 591 885 655 ύπδ
913 592 1062 674 φλογμοῦ
1091 592 1223 675 ἀοίκητα
1248 591 1334 670 εἶναι,
1365 593 1420 656 καῖ
1441 592 1505 657 ύπδ

485 701 604 782 πολλῆς
626 706 681 782 τῆς
705 699 874 782 δυνάμεως
899 698 995 769 αὐτὸς
1017 701 1159 780 ἔμπνουν
1182 701 1351 782 παρέχεται
1364 699 1421 782 τὴν
1436 707 1503 783 γῆν,

487 808 533 877 ῶς
546 807 600 870 καὶ
614 813 833 888 καρποφορεῖν
856 806 956 888 αὐτὴν
977 807 1032 869 καῖ
1054 807 1296 888 ζῳογονεῖνκαῖ
1319 808 1366 870 ὅτι
1393 808 1505 878 αὐτός

487 916 585 978 ἐστιν
608 916 727 984 αἴτιος
749 919 806 976 τοῦ
829 913 884 976 καῖ
906 912 944 975 τὰ
967 915 1037 994 ζῷα
1058 891 1402 995 ύφεστάναι-κάῖ-τδὺς
1424 939 1503 996 καρ-

485 1021 565 1091 ποὺς
593 1022 764 1102 τρέφεσθαι
791 1020 844 1084 καῖ
873 1021 1027 1093 αὔξεσθαι
1049 1021 1104 1084 καὶ
1133 1021 1404 1103 τελισφορεῖσδαι·
1450 1022 1504 1086 καὶ

487 1127 564 1191 διότι
591 1129 636 1210 μὴ
665 1127 767 1210 μόνον
794 1127 849 1198 τὰς
876 1129 1000 1210 ἡμέρας
1018 1127 1072 1190 καῖ
1092 1128 1222 1202 νύκτας,
1246 1127 1327 1190 ἀλλά
1340 1106 1506 1209 καῖδέρ-ος

486 1212 696 1317 κῶ-χειμῶνα
711 1235 765 1298 καὶ
777 1234 832 1304 τὰς
846 1235 943 1305 ἄλλας
960 1235 1050 1315 ῶρσς
1070 1233 1185 1304 αὐτός
1206 1235 1306 1298 ἔστιν
1328 1236 1347 1297 ὁ
1369 1240 1504 1317 ποιῶν,

486 1342 540 1405 καῖ
563 1341 628 1424 μὴν
651 1343 782 1405 καὶτοῦ
805 1343 944 1423 μέλανας
967 1341 1042 1404 εῖναι
1066 1341 1121 1404 καὶ
1149 1341 1282 1412 λευκοὺς
1307 1342 1504 1423 ἀνθρώπους

485 1450 539 1512 καὶ
576 1448 716 1523 ξανδοδς
752 1449 806 1512 καῖ
842 1448 922 1512 κατὰ
953 1448 1009 1519 τὰς
1045 1447 1143 1518 ἄλλος
1174 1448 1260 1518 ἰδέας
1297 1447 1505 1531 διαφέροντας

487 1556 599 1626 οῦτδς
632 1558 750 1625 αἴτιος
782 1558 923 1636 γίνεται
954 1554 1042 1636 παρὰ
1070 1554 1105 1617 τὸ
1133 1559 1205 1625 πῶς
1229 1555 1428 1636 ἀποπέμπειν
1450 1554 1505 1624 τὰς

487 1663 614 1733 ἀκτῖνας
637 1663 686 1726 ε’πῖ
708 1662 745 1724 τὰ
775 1662 909 1744 κλίματα
937 1668 992 1744 τῆς
1020 1668 1089 1743 γῆς·
1126 1661 1181 1724 καῖ
1204 1662 1250 1725 ὅτι
1273 1662 1334 1726 οῦκ
1358 1661 1436 1743 άλλη
1459 1686 1504 1731 τις

487 1772 515 1834 εἶ
535 1770 579 1852 μὴ
609 1772 628 1852 ἡ
660 1775 716 1832 τοῦ
748 1769 838 1852 ἡλίου
872 1768 1007 1851 δύναμις
1037 1746 1420 1866 ffladdyoovc
1451 1768 1505 1831 καῖ

486 1877 707 1960 πληδύνοντας
737 1882 893 1958 ποταμοῖς
924 1878 1092 1959 παρέχεται
1124 1881 1189 1938 τῶν
1212 1875 1261 1938 ἐπὶ
1294 1882 1352 1958 γῆς
1382 1875 1502 1947 τόπων,

485 1983 573 2053 τοὺς
597 1984 636 2047 δὲ
660 1981 777 2066 ξηροὺς
798 1983 853 2046 καῖ
883 1983 1057 2063 ἀνύδρους,
1080 1981 1230 2052 καὶτοὺς
1251 1983 1311 2063 μέν
1329 1983 1504 2064 ἀκάρπους,

486 2090 572 2161 τοὺς
596 2091 634 2154 δὲ
648 2096 868 2173 καρποφορεῖν
886 2090 1026 2162 ἱκανούς,
1049 2090 1104 2153 καὶ
1126 2066 1424 2172 temptacio
1451 2090 1504 2152 καὶ

488 2197 655 2271 δυσώδεις,
685 2198 732 2267 ὡς
753 2195 827 2267 τοὺς
848 2202 914 2260 τῶν
932 2173 1288 2279 Ἰχύυοφάγωῖ-τ-δ-δς
1312 2196 1352 2260 δὲ
1374 2196 1505 2266 εὐώδεις

486 2305 540 2368 καὶ
563 2305 853 2387 ἀρωματοφόρονς,
887 2305 934 2374 ῶς
965 2304 1038 2374 τοὺς
1069 2306 1140 2387 περὶ
1172 2305 1229 2387 τὴν
1251 2304 1418 2386 Ἀραβίαν,
1450 2303 1504 2366 καῖ

486 2411 559 2482 τοὺς
581 2412 641 2492 μὲν
668 2412 811 2475 τοιούσδε
838 2411 998 2493 καρπούς,
1021 2411 1108 2482 τοὺς
1132 2411 1171 2475 δὲ
1192 2411 1337 2477 τοιούσδε
1360 2410 1505 2492 ἐκφέρειν

487 2496 692 2601 Mn·

416 2625 507 2691 Haeo
539 2623 690 2706 periodus
723 2624 829 2691 divisa
862 2630 914 2689 est
936 2624 970 2688 in
994 2624 1236 2690 enuntiationes
1261 2623 1402 2705 quinque
1425 2641 1504 2691 voce

326 2734 372 2796 ὅτι
396 2734 449 2799 vel
473 2733 549 2797 διότι
577 2731 771 2812 incipientes
799 2737 833 2796 et
861 2733 990 2797 easdem
1018 2731 1130 2797 multis
1153 2730 1256 2796 modis
1279 2730 1504 2811 amplificatas.

380 2839 411 2906 4.
434 2839 544 2905 Verba
576 2838 744 2920 aptissime
776 2844 982 2920 opponuntur
1003 2837 1057 2924 (of.
1077 2839 1160 2920 App.
1180 2859 1209 2919 p.
1230 2838 1377 2922 otsqq.):
1420 2836 1503 2902 Vide

433 2947 538 3012 locum
561 2965 656 3026 quem
679 2947 772 3010 modo
796 2945 896 3011 attuli
918 2944 1156 3031 (154,14sqq.)
1184 2950 1218 3011 et
1255 2943 1368 3009 confer
1405 2943 1504 3008 etiam

436 3056 643 3137 156‚18sqq.
667 3051 750 3137 (sub.
774 3071 822 3118 no.
849 3053 892 3139 6).

381 3162 411 3227 5.
434 3160 548 3226 Oratio
572 3180 612 3226 ex
635 3161 741 3243 figura
764 3179 847 3240 quoe
862 3159 983 3225 dieitur
996 3160 1212 3242 polysyndeto
1233 3161 1370 3241 repente
1384 3156 1505 3223 transit

433 3268 467 3332 in
491 3268 735 3333 dissolutionem
758 3266 811 3351 (oi.
835 3267 918 3348 App.
933 3286 963 3347 p.
978 3265 1057 3350 67.);

437 3377 508 3457 156,
523 3377 619 3440 2-5.
668 3374 824 3457 διαφορὰς
853 3375 908 3437 καῖ
936 3380 1051 3456 πηγῶν
1081 3375 1135 3436 καὶ
1163 3378 1298 3456 καρπῶν
1325 3371 1380 3436 καῖ
1407 3371 1505 3453 ζῴων

488 3481 542 3544 καὶ
564 3481 728 3563 μετάλλων
750 3481 804 3544 καῖ
827 3481 955 3544 ὑδάτων
977 3482 1113 3564 δερμῶν
1135 3481 1189 3544 καῖ
1212 3481 1318 3562 ἀέρων
1345 3476 1518 3542 παντοδα-.

486 3593 559 3651 πῶν
573 3589 667 3660 ἰδέας,
681 3587 902 3671 ψυχροτάτων,
924 3588 1208 3670 φλογωδεστάτων,
1232 3587 1406 3670 εὖκράτων,
1432 3586 1504 3649 λεπ-

486 3701 560 3767 τῶν,
583 3697 722 3776 παχέων,
743 3695 861 3776 ὑγρῶν,
887 3697 1007 3777 ξηρῶν·

380 3802 410 3870 6.
433 3803 544 3868 Verba
564 3801 740 3866 ohiasmutn
765 3819 859 3881 quem
882 3806 1003 3868 vocant
1028 3800 1174 3866 efficiunt
1195 3798 1505 3886 (ei.App.p.60sq.):

435 3911 508 3993 156,
526 3910 565 3973 13
577 3927 625 3988 sq,
667 3909 862 3991 ἐργαζομένη
886 3908 1006 3990 τροπὰς
1021 3958 1028 3970 .
1046 3958 1053 3974 .
1071 3957 1077 3970 ,
1094 3959 1101 3972 .
1118 3907 1274 3990 ἐπιτήδεια
1298 3908 1504 3990 ἐργαζομένη.

436 4017 643 4098 156,18sqq.
664 4013 753 4078 Ἀπδ
777 4016 845 4097 μὲν
870 4015 930 4096 γὰρ
953 4021 1008 4078 τοῦ
1032 4016 1104 4097 παρ’
1121 4016 1195 4097 ἡμῖν
1213 4014 1317 4095 πυρὸς
1334 4015 1394 4076 οὐκ
1409 4015 1505 4078 ἔνεστι

486 4121 566 4185 κατὰ
590 4122 761 4185 ἀνάκλασιν
783 4128 847 4203 πῦρ
871 4122 986 4204 λαβεῖν,
1012 4121 1085 4185 ἀπὸ
1110 4121 1149 4184 δὲ
1172 4126 1236 4184 τῶν
1259 4120 1402 4203 ἡλιακῶν
1420 4120 1504 4183 ἀκτί-

488 4252 554 4292 νων
577 4230 816 4311 ἒπιτεχνώμενοι
839 4229 1045 4311 λαμβάνομεν
1067 4235 1132 4311 πῦρ
1155 4228 1235 4292 κατὰ
1259 4229 1438 4292 ἀνάκλασιν.

75 4357 314 4412 ποιέει-οπο.
417 4335 480 4400 Sed
503 4331 672 4400 veniamus
695 4353 781 4399 nuno
805 4336 846 4399 ad
871 4353 910 4399 ea
937 4354 1020 4422 quae
1048 4334 1169 4400 tertio
1198 4336 1353 4403 alterius
1386 4331 1505 4418 pertis

328 4441 410 4507 loco
442 4441 579 4523 legimus
611 4441 743 4524 scripta,
775 4441 893 4522 quibus
916 4441 1201 4509 vehementissime
1224 4447 1324 4523 etque
1348 4439 1505 4506 acen-ime
