3425 5192
694 412 916 475 ..19-

535 675 587 757 lle
615 673 797 758 lontibus
825 673 1072 759 Cleomedeis.

306 888 369 953 Sed
393 889 560 955 videamus
584 909 669 954 nune
693 909 755 970 quo
780 909 820 955 ex
843 890 934 956 fonte
957 891 1011 956 vel
1035 892 1152 972 quibus
1180 913 1220 959 ex
1247 892 1396 961 lontibus

216 995 402 1061 manaverit
423 995 554 1061 libellus
583 995 769 1064 Cleomedis.
817 997 983 1079 Quomodo
1007 999 1091 1064 hanc
1109 1018 1205 1079 quarn
1228 1002 1397 1082 posuimus

217 1102 438 1182 quaestionem
466 1102 638 1187 solvamus,
667 1102 721 1168 diu
749 1123 813 1170 non
841 1122 1011 1187 possumus
1040 1106 1200 1187 dubitare,
1229 1109 1396 1198 cumipse

217 1209 356 1290 scriptor
380 1210 525 1274 clausula
540 1209 676 1276 alterius
693 1210 771 1275 libri
785 1210 1015 1293 gravissimum
1029 1213 1181 1294 quiddam
1196 1217 1394 1300 suppeditet,

217 1318 301 1396 quod
328 1315 502 1404 plurimum
529 1317 621 1385 valet
649 1319 691 1382 ad
718 1318 803 1383 hanc
830 1337 899 1382 rem
927 1318 1176 1386 diiudicandam.
1222 1322 1394 1406 Leguutur

216 1424 301 1489 enim
325 1424 369 1488 ibi
395 1425 505 1506 (daal
520 1422 595 1508 sq.):

351 1531 396 1594 Τὰ
419 1531 520 1594 πολλὰ
544 1532 579 1594 δὲ
602 1537 666 1594 τῶν
696 1533 873 1615 εἰρημένων
906 1534 946 1597 ἐκ
978 1539 1051 1598 τῶν
1082 1534 1394 1622 Hecatomviovlll
1502 1566 1506 1570 ·

261 1638 407 1721 εἴληπται.

304 1743 395 1809 Dicit
417 1744 521 1828 igitur
544 1743 728 1809 Cleomedes
751 1745 893 1826 plurima
917 1765 1000 1826 quae
1017 1747 1102 1813 libro
1116 1767 1173 1814 suo
1189 1749 1392 1816 contineren-

216 1856 271 1915 tur
293 1869 443 1916 manasse
467 1871 487 1916 a
509 1850 691 1935 Posidonio,
715 1853 799 1931 quod
823 1852 952 1932 quidem
966 1873 1080 1921 verum
1100 1873 1170 1920 esse
1185 1856 1395 1922 confirmatur

215 1957 256 2022 iis
280 1976 364 2038 quae
386 1976 488 2038 usque
511 1958 617 2022 adhuc
643 1963 720 2023 sunt
748 1959 906 2040 inquisita
933 1961 975 2026 ab
1003 1961 1247 2027 recentissimae
1271 1964 1393 2030 aetatis

216 2063 296 2130 viris
320 2061 480 2148 doetis.⁴⁰)
527 2064 633 2131 Multa
662 2070 796 2131 exstant
824 2071 973 2133 veterum
1001 2067 1203 2153 testimonia,
1235 2070 1393 2153 imprimis

216 2171 370 2254 Diogenis
393 2158 520 2237 Laertii
544 2171 710 2258 (7Π,1)“)
735 2191 755 2238 a
778 2172 952 2239 Posidonio
981 2176 1181 2256 conscriptos
1210 2195 1281 2242 esse
1309 2196 1392 2242 com-

215 2278 325 2359 plures
347 2278 448 2344 libros
468 2278 708 2363 astronomicas,
732 2279 989 2364 mathematicos,
1013 2301 1121 2346 rerum
1135 2286 1288 2350 naturam
1302 2303 1392 2366 spee-

216 2389 334 2451 tantas

217 2599 447 2666 commentarium,
471 2599 517 2653 sed
536 2598 619 2653 velim
638 2598 743 2653 tribuas
761 2598 813 2666 ipsi
833 2598 944 2668 doctori,
969 2599 1068 2668 quippe
1091 2601 1137 2668 qui
1161 2610 1283 2657 extremo
1307 2604 1393 2657 altero

215 2677 284 2732 libro
304 2679 350 2748 (II,
368 2679 518 2745 7=aaaa
531 2679 582 2748 sq.)
600 2678 722 2733 libellum
741 2694 819 2734 suum
837 2680 913 2733 dicat
937 2695 995 2734 esse
1018 2681 1211 2736 collectaneum
1236 2683 1343 2752 (σχολὰς
1362 2685 1393 2735 ἐκ

216 2761 424 2827 συγγραμμάτων
443 2766 520 2813 τινῶν
538 2759 734 2829 ἠθροισμένας).

305 2839 338 2911 ³⁰)
358 2840 415 2894 scil.
428 2840 647 2908 συγγραμμάτων,
666 2855 734 2906 quae
752 2857 805 2894 vox
824 2855 857 2894 cx
876 2840 910 2894 iia
928 2856 997 2907 quae
1013 2843 1187 2908 praecedunt,
1207 2841 1335 2897 facillime
1351 2849 1394 2897 est

216 2919 372 2986 supplenda.

305 2999 339 3068 ⁴⁰)
359 2999 458 3054 Confer
476 3015 508 3053 ea
527 3015 596 3064 quae
614 2999 664 3052 hac
683 2999 764 3054 dere
783 3000 920 3066 praeclare
939 3006 1021 3067 atque
1040 3007 1120 3054 acute
1134 2999 1286 3068 disputavit
1298 3003 1394 3056 Marti-

216 3079 278 3132 nius
297 3079 325 3132 in
347 3078 593 3146 „Lucubrationum
612 3079 854 3133 Posidonianarum
874 3095 944 3146 spec.
959 3080 1013 3134 II.“
1033 3081 1062 3133 in
1075 3081 1143 3134 Mus.
1157 3081 1244 3137 Rhen.
1256 3082 1308 3136 vol.
1323 3082 1393 3150 LIL,

217 3175 280 3227 pag.
293 3159 443 3212 318-366.
493 3159 633 3226 Quaesivit
659 3158 705 3212 ille
723 3158 765 3226 {de
790 3159 925 3226 capitibus
951 3159 1071 3214 H-VII
1096 3159 1193 3228 prioris
1218 3161 1282 3215 libri
1308 3164 1394 3229 deque

217 3254 308 3292 eorum
327 3238 458 3293 lontibus.
1092 3275 1095 3279 ,

307 3319 398 3386 Atque
420 3319 449 3373 in
476 3319 593 3372 eundum
618 3335 725 3372 censum
749 3324 813 3372 sunt
835 3320 959 3374 vocanda
984 3335 1016 3374 ea
1042 3335 1111 3387 quae
1135 3321 1238 3388 optime
1262 3321 1394 3379 disseruit

217 3401 250 3454 de
269 3401 392 3467 capital
411 3399 506 3466 prioris
530 3399 595 3453 libri
617 3399 740 3454 Edvinus
763 3399 911 3454 Muellerus
933 3401 962 3454 in
985 3401 1213 3456 commentatione
1238 3403 1296 3470 „De
1319 3403 1393 3457 Posi·

150 3529 152 3532 ,
217 3480 297 3534 donio
315 3480 422 3538 Manilii
441 3485 552 3534 auctore
570 3479 650 3549 (spec.
664 3479 724 3549 I.)“‚
743 3481 850 3533 Bornae
870 3481 947 3548 1901,
962 3497 1024 3549 pag.
1039 3482 1072 3535 35
1087 3498 1127 3548 aq.

305 3562 348 3615 Ut
367 3576 426 3630 ego
453 3575 580 3627 quoque
606 3559 692 3614 viam
719 3576 800 3626 quae
826 3566 915 3614 esset
939 3559 1085 3614 ineunda
1111 3562 1149 3614 ad
1168 3562 1393 3630 indagandam

216 3641 391 3696 Posidonii
410 3641 597 3694 doctrinam
616 3639 814 3708 ingrederer
832 3640 956 3708 scripsi
970 3642 1054 3694 hanc
1068 3643 1392 3698 commentationem:

218 3737 278 3788 qua
297 3723 375 3776 data
394 3721 568 3775 occasione
587 3719 755 3774 confiteor
779 3723 914 3776 eandem
937 3721 1112 3775 materiam
1130 3736 1178 3775 me
1200 3738 1297 3789 porro
1322 3740 1393 3780 esse

217 3806 444 3856 tractaturum
463 3806 495 3855 et
514 3805 673 3866 quantum
691 3801 819 3867 poterit
837 3799 919 3854 fieri
941 3801 1039 3868 plane
1062 3802 1297 3869 cumulateque
1319 3820 1394 3871 per-

217 3882 391 3936 fecturum.
441 3883 486 3936 llo
511 3881 678 3950 proximo
704 3880 847 3949 quidem
872 3881 1036 3950 tempore
1062 3883 1236 3938 accurate
1267 3883 1393 3954 expla-

218 3962 308 4016 nabo
333 3960 422 4028 qnid
450 3961 611 4018 senserit
634 3960 858 4016 Posidonius
886 3960 927 4016 de
955 3960 1043 4016 luna
1071 3961 1223 4029 eiusque
1252 3963 1393 4030 figuris

218 4042 327 4108 atque
347 4041 635 4098 deiectionibus.

300 4119 333 4188 41)
348 4121 388 4174 Of.
403 4121 542 4186 Susamibl
558 4121 720 4176 Geschiehte
735 4123 783 4175 der
797 4121 901 4190 griech.
914 4122 1067 4176 Litteratur
1078 4121 1108 4174 in
1122 4123 1170 4176 der
1183 4121 1392 4178 Alexandrinor-

217 4201 280 4256 zeit.
317 4201 390 4268 Lips.
407 4201 483 4266 1892,
504 4202 606 4268 volll,
621 4203 671 4255 128
687 4218 743 4269 sqq.
761 4203 811 4255 136
824 4217 864 4269 sq.
877 4203 939 4255 adn.
955 4202 1021 4256 184¹>
1036 4245 1042 4262 .
1057 4202 1108 4256 708
1122 4218 1178 4269 sqq.
1194 4232 1227 4241 -
1243 4203 1392 4271 Schmekel‚

217 4281 268 4336 Die
282 4281 455 4348 Philosophia
469 4281 516 4334 der
526 4281 668 4336 mittleren
682 4282 754 4336 Stoa.
783 4282 870 4336 Berol
882 4281 959 4348 1891,
978 4297 1041 4350 pag.
1054 4282 1086 4335 13
1100 4297 1140 4348 sq.
1155 4288 1183 4335 et
1197 4282 1346 4337 aar-286.
1358 4314 1391 4322 -

217 4362 305 4417 Zeller
318 4361 345 4432 (l.
361 4362 404 4431 a),
418 4377 480 4429 pag.
495 4362 544 4415 191
561 4377 617 4428 sqq.
632 4367 661 4416 et
674 4362 726 4415 572
740 4377 796 4428 sqq.
817 4393 850 4400 -
870 4361 958 4426 Bake,
977 4361 1114 4416 Posidonii
1138 4361 1239 4415 Rhodii
1261 4363 1392 4429 reliquiae

218 4442 364 4498 doctrinae.
402 4442 489 4510 Lugd.
503 4442 564 4494 Bat.
581 4442 656 4510 18111,
676 4457 738 4509 pag.
755 4441 789 4492 64
803 4457 861 4507 sqq.
875 4446 903 4495 et
917 4441 969 4494 237
984 4457 1041 4508 sqq.

1179 4529 1212 4582 2*
