3425 5192
672 441 894 505 ..67-

191 619 219 688 5)
237 618 270 672 D.
289 615 322 685 V,
342 617 423 687 40‚4
449 616 499 669 οὐκ
519 615 628 684 ἀλόγως.

191 707 218 778 6)
237 706 270 760 D.
289 706 322 774 V,
341 706 420 769 40,5
449 704 498 758 οὔκ
517 705 657 773 ἐλάχιστον.

192 795 219 865 7)
238 795 290 849 Str.
311 795 361 850 147
390 794 421 848 οὗ
440 795 489 862 γὰρ
507 791 622 848 άπιστεῖν
640 803 676 861 τῷ
695 794 784 861 μύθῳ.

333 979 380 1036 10.
403 975 588 1038 Verborum
612 975 810 1048 coniunctio,
833 975 1011 1037 vorborum
1034 973 1222 1035 dissolutio.

192 1097 218 1168 l)
232 1097 303 1153 Ath·
311 1097 390 1152 210³.
403 1091 481 1152 5400}
496 1095 582 1164 (κρέα)
590 1095 731 1164 ἀδιαίρετα,
741 1095 927 1162 ἐσκευασμένα,
940 1094 952 1166 Ι)
964 1095 1067 1162 ἅμαξαν
1075 1096 1214 1162 πληρῶσαι
1221 1094 1377 1162 ῖδυνάμσνα..“

191 1186 218 1257 2)
237 1185 308 1240 1111.
328 1186 405 1240 2120.
435 1186 536 1254 ἄνδρες,
555 1185 707 1257 γυναῖκες,·))
720 1184 844 1255 γέροντες,
863 1185 962 1242 παῖδες.

191 1274 218 1343 3)
238 1274 297 1330 Gal.
318 1275 377 1342 372,
398 1275 415 1327 9
433 1289 472 1341 sq.
509 1273 544 1328 Οἱ
564 1281 626 1342 γοῦν
649 1274 741 1342 ἀήθεις
759 1274 857 1340 μᾶλλον
879 1272 1025 1343 πάσχουσιν
1042 1273 1070 1326 ἒν
1090 1274 1193 1343 φόβοις,
1217 1273 1246 1326 ἐν
1263 1272 1374 1336 λόπαις,ζ

297 1363 325 1416 ἕν
342 1362 502 1431 ε’πιδυμίαις,
520 1361 548 1415 ἓν
565 1363 679 1431 ἡδοναῖς.

533 1557 574 1615 11.
598 1554 737 1615 Iteratio
760 1553 817 1616 vel
839 1553 1018 1632 Repetitio.

191 1675 217 1745 1)
236 1675 387 1731 Anu-213³
411 1673 541 1744 (βασιλεὺς
556 1674 735 1743 Μιθριδάτης)
754 1683 871 1742 κρατεῖ
885 1673 933 1743 μὲν
945 1674 1073 1732 Βιθυνίας
1092 1673 1138 1728 καί
1156 1681 1201 1743 τῆς
1219 1673 1275 1728 ἄνω
1289 1675 1364 1727 Καπ-

294 1764 432 1832 παδοκίας,
452 1772 568 1831 κρατεῖ
583 1763 612 1815 δὲ
630 1771 675 1831 τῆς
694 1770 819 1831 συνεχοῦς
835 1763 918 1822 Ἀσίας
937 1762 1039 1832 ἁπάσης
1058 1763 1119 1831 ἄχρι
1138 1763 1299 1831 Παμφυλίας
1319 1763 1364 1816 καὶ

295 1853 425 1910 Κιλικίας.
1370 1904 1374 1908 .

190 1939 217 2012 2)
237 1941 301 1997 Str.
320 1942 373 1996 196
401 1941 518 2008 ἀθρόοι
538 1941 586 2010 γὰρ
606 1941 651 1994 καὶ
670 1941 737 1994 κατὰ
754 1941 856 2010 πλῆθος
876 1941 1044 2008 ἐμπίπτοντες
1063 1940 1181 2009 ἀθρόοι
1199 1941 1364 1994 κατελόοντο.

190 2111 216 2180 3)
236 2112 272 2166 l).
286 2110 322 2182 V,
337 2111 413 2182 3⁶2st
442 2109 470 2162 τό
489 2107 518 2163 δὲ
535 2109 640 2163 πάντων
657 2113 879 2179 παραδοξότατον,
898 2118 943 2179 τῆς
962 2111 1029 2169 ἰδίας
1047 2110 1246 2178 εὐσχημοσύνης
1264 2109 1364 2178 ἀφρον-

296 2207 437 2258 τιστοῦντες
456 2199 503 2268 τὴν
516 2206 562 2253 τοῦ
581 2200 703 2267 σώματος
722 2202 796 2269 ὥραν
814 2201 911 2268 ἑτέροις
929 2200 1048 2259 εὐκόλως
1066 2199 1205 2267 προΐενται,
1224 2200 1270 2253 καί
1289 2188 1374 2253 τοῦτο

296 2287 405 2356 αἰσχρόν
423 2289 473 2357 οὐχ
490 2289 657 2360 ήχοῦνται,
681 2289 745 2344 ἀλλά
769 2290 868 2357 μᾶλλον
890 2290 951 2342 ὅταν
969 2308 1006 2348 τις
1029 2285 1117 2341 αότῶν
1139 2287 1375 2356 χαριζομένων

295 2377 332 2446 μὴ
351 2378 523 2445 προσδέξηται
542 2377 588 2446 τὴν
607 2379 746 2447 διδομένην
763 2379 870 2448 χάριν,
890 2379 982 2445 ἄτιμον
1001 2377 1162 2446 ἡγοῦνται.

189 2465 217 2536 4)
235 2467 273 2522 l).
292 2464 326 2538 V,
345 2467 392 2538 40,
410 2467 439 2522 4.
458 2467 484 2521 5.
523 2466 642 2520 καθόλου
669 2466 698 2520 δὲ
723 2467 770 2536 τὴν
794 2466 842 2534 μὲν
868 2467 899 2520 ἐκ
924 2467 1043 2519 παλαιῶν
1064 2467 1170 2534 χρόνων
1190 2465 1252 2533 παρ’
1277 2465 1366 2523 αὐτοῖς

296 2555 459 2624 ζηλουμένην
481 2555 565 2624 ἀλκὴν
593 2556 872 2625 ἀποβελήκασιν,
895 2556 923 2608 ἒν
940 2557 1029 2614 πότοις
1048 2554 1142 2608 δὲκαὶ
1160 2554 1301 2623 ῥᾳθυμίαις
1321 2554 1366 2607 ἀν-

296 2645 401 2712 άνδροις
418 2646 537 2713 βιοῦντες
563 2645 613 2698 οὐκ
633 2646 735 2714 ἀλόγως
753 2625 876 2715 τὴνῖῶν
889 2645 1011 2712 πατέρων
1029 2645 1110 2707 δόξαν
1127 2645 1155 2697 ἒν
1173 2652 1226 2703 τοῖς
1243 2639 1373 2710 πολέμοις

295 2734 564 2817 Μλή-κα-σιχ
576 2735 772 2805 συνεβάλετο
790 2735 814 2789 δ’
833 2735 924 2793 αὐτοῖς
935 2777 940 2789 .
952 2776 959 2789 .
970 2773 994 2788 ..

190 2823 231 2878 (11.
250 2824 282 2877 D.
304 2825 337 2891 V,
357 2825 400 2888 39,
419 2825 435 2877 2
463 2825 804 2892 ὑλοτομοῦσι-λατομοῦσι.

280 2993 418 3059 Consilio
443 2997 580 3074 quodam
603 2995 854 3075 frequentantur
878 2997 992 3061 eadem
1014 2995 1118 3062 verba
1140 2993 1236 3075 paulo
1260 2991 1366 3074 spatio

190 3091 388 3157 intermisso:
1370 3107 1373 3110 ’

191 3205 219 3274 5)
238 3207 274 3260 l).
294 3205 329 3276 V,
348 3206 395 3277 40,
414 3207 431 3260 5
458 3207 591 3266 παντελῶς
608 3207 715 3274 εὔγειος.

191 3294 218 3364 6)
236 3295 308 3351 1111.
327 3295 405 3349 2311).
433 3295 516 3350 πολλὰ
533 3296 579 3349 καί
598 3296 677 3350 δεινά.

653 3472 700 3530 12.
725 3469 906 3546 Oppositio.

192 3587 218 3657 1)
236 3589 301 3643 Ath.
323 3590 399 3643 1761).
433 3591 602 3658 (προσκόπια)
627 3591 703 3644 σκιὰν
727 3589 775 3657 μὲν
797 3582 933 3660 ποιοῦντα,
962 3590 1149 3643 καταπνεῖσθαι
1173 3589 1205 3643 οὗ
1228 3587 1365 3642 κωλύοντα

296 3677 355 3738 τοὺς
374 3679 530 3746 τραχήλους.

191 3765 218 3833 2)
237 3766 301 3820 Ath.
322 3767 401 3821 2101.
436 3767 518 3822 52701.
551 3776 603 3826 τοϊς
626 3767 674 3834 μὲν
696 3768 847 3835 γυμνασίοις
871 3767 908 3824 ὡς
926 3767 1071 3836 βαλανείοις
1089 3767 1292 3836 χρώμενοι....
1312 3775 1364 3825 τοῖς

202 3856 204 3858 ’
297 3853 326 3907 δὲ
344 3857 528 3922 γραμματείοις
535 3855 579 3926 109)
592 3897 597 3910 .
610 3899 616 3910 .
628 3899 652 3911 ,.
672 3857 709 3915 ὥς
728 3857 890 3924 οἰκητηρίοις
908 3856 1111 3924 ἐνδιαιτώμενοι.

190 3942 218 4018 3)
237 3943 301 3997 Ath.
321 3944 400 3996 tltf.
433 3943 611 4013 ἀλεκτορίδων
631 3945 733 4014 τροφὴν
750 3945 798 3998 καί
816 3945 868 3999 οὐκ
887 3945 1049 4013 ἀνθρώπων.

191 4031 219 4100 4)
238 4032 301 4086 Ath.
321 4031 401 4086 214f.
429 4041 617 4102 πανηγυρικῶς
634 4035 734 4100 μᾶλλον
751 4033 767 4103 ἢ
787 4042 990 4102 στρατιωτικῶς.

191 4121 218 4190 5)
237 4121 308 4176 11111.
327 4121 405 4176 2341).
434 4121 652 4192 ἀφωσιώκασι
671 4122 704 4176 δὲ
723 4124 793 4177 οὗτοι
812 4125 866 4178 τόν
882 4123 1004 4194 χρυσόν
1022 4124 1068 4177 καὶ
1085 4123 1135 4177 οὐκ
1150 4123 1315 4192 εἰσφέρωσιν
1328 4125 1364 4183 εἰς

298 4211 342 4269 τὰς
359 4213 494 4283 πατρίδας,
514 4212 548 4265 δι’
567 4214 597 4266 όν
614 4213 696 4266 πολλὰ
714 4214 760 4267 καί
779 4213 850 4268 δεινὰ
873 4213 981 4268 ἔπαθον
1015 4214 1146 4281 ἀργύρῳ
1169 4212 1204 4267 δὲ
1221 4221 1371 4282 χρῶνται

297 4299 343 4353 καί
362 4301 453 4355 τούτου
471 4302 548 4370 χάριν
565 4303 647 4356 πολλὰ
666 4303 712 4356 καὶ
730 4304 801 4357 δεινὰ
819 4311 947 4359 ποιοῦσιν.

263 4469 307 4540 101)
327 4471 367 4525 cf.
387 4469 522 4541 Scheppig
540 4469 567 4541 (l.
583 4473 625 4543 t),
645 4490 706 4543 1)ssss-
722 4475 758 4536 44
776 4475 837 4529 adu.
851 4474 895 4528 26.
