3425 5192
706 425 906 487 ..p-

215 600 342 684 geniolo
376 606 434 666 aut
463 601 555 665 illum
587 600 691 681 ipsum
720 599 903 683 segniorem
930 620 1028 680 quam
1050 601 1107 681 qui
1130 601 1319 684 diligentius
1343 600 1390 664 in·

217 708 362 788 quireret
375 707 409 771 in
424 726 471 773 ea.
517 707 680 773 Mutatam
695 725 765 772 esse
780 709 823 773 ab
847 725 884 772 eo
907 707 1093 772 memoriam
1118 707 1391 772 Eratosthenicae

216 814 423 879 dimensionis
454 819 566 879 terrae
598 812 646 878 sic
675 813 876 894 interpretor
903 815 987 894 quod
1018 814 1204 878 Cleomedes
1234 833 1310 878 usus
1341 820 1392 878 est

216 920 431 988 relationibus
455 923 497 985 ad
519 920 690 1004 vulgarem
713 939 842 985 sensum
867 921 1116 986 accommodatis
1140 939 1179 985 ac
1209 921 1314 995 minus
1338 939 1391 985 ae-

216 1028 347 1094 curatis.
402 1030 512 1108 Atque
544 1027 591 1092 sic
625 1065 669 1072 —
702 1045 766 1107 qua
799 1033 872 1092 erat
904 1028 1096 1093 infirmitate
1128 1032 1162 1092 et
1189 1025 1319 1111 inertia,
1351 1045 1392 1091 ne

215 1135 321 1200 dicam
351 1134 451 1200 animi
482 1134 709 1200 imbecillitate
742 1172 784 1179 —
816 1134 941 1199 iactum
973 1153 1044 1200 esse
1076 1152 1191 1200 censeo
1222 1138 1259 1198 ut
1282 1134 1392 1199 Ptole-

216 1241 300 1306 maei
323 1260 422 1324 opera
444 1241 510 1307 iam
538 1240 738 1322 aliquamdiu
769 1242 866 1324 longe
897 1241 1028 1322 lateque
1061 1241 1288 1324 diffluxissent‚
1321 1260 1392 1305 cum

217 1349 401 1414 Cleomedes
424 1367 464 1412 ne
488 1348 653 1413 minimum
677 1347 806 1428 quidem
829 1350 925 1413 daret
945 1367 1079 1429 ,operam
1101 1353 1139 1413 ut
1162 1367 1201 1413 ea
1225 1367 1308 1429 quae
1328 1347 1394 1415 riri

216 1456 304 1521 docti
327 1474 387 1522 sua
409 1455 511 1536 ipsius
534 1459 646 1520 aetate
669 1455 722 1522 vel
747 1454 844 1535 paulo
870 1459 947 1520 ante
971 1454 1231 1535 exploravissent
1254 1460 1289 1520 et
1302 1455 1392 1521 inve-

216 1561 349 1646 nissent,
374 1563 559 1628 accuratius
574 1566 783 1646 cognosceret
801 1568 834 1627 et
858 1580 931 1627 cum
954 1562 1063 1642 aliquo
1085 1562 1197 1628 fructu
1220 1563 1393 1627 adhiberet

217 1671 259 1735 ad
282 1689 375 1735 suum
398 1669 543 1734 libellum
568 1669 843 1736 conscribendum.

305 1776 432 1841 Deinde
456 1778 541 1856 quod
564 1776 677 1841 dicunt
700 1776 824 1856 scripta
847 1795 887 1842 ac
908 1776 1040 1841 nomina
1057 1781 1225 1841 auctorum
1241 1780 1311 1840 tum
1324 1775 1392 1840 len-

217 1883 342 1948 tissime
365 1901 514 1948 manasse
537 1902 595 1964 per
619 1902 728 1948 omnes
752 1889 877 1966 gentes²
909 1883 973 1948 iam
1003 1902 1105 1963 usque
1133 1884 1285 1948 adhunc
1308 1881 1393 1947 diem

218 2009 437 2071 quaecumque
451 1990 544 2054 nobis
559 1996 635 2054 sunt
649 1989 774 2055 tradita
788 2009 852 2054 non
868 1989 1034 2055 sufficiunt
1047 2008 1151 2071 neque
1166 1993 1242 2054 sunt
1255 1989 1338 2054 talia
1353 2009 1394 2053 ex

218 2096 333 2176 quibus
350 2098 466 2162 ducere
480 2095 638 2177 possimus
653 2105 777 2161 certum
792 2102 1019 2180 argumentum
1033 2102 1068 2162 et
1078 2098 1250 2161 admodum
1258 2095 1392 2160 firmum.

305 2204 369 2274 Sed
393 2222 463 2269 cum
487 2203 590 2269 doctis
613 2202 679 2268 illis
702 2203 783 2270 viris
806 2203 841 2268 in
863 2204 972 2285 priore
986 2205 1071 2284 quod
1090 2203 1274 2268 attulerrmt
1296 2222 1392 2285 argu-

217 2315 325 2376 mento
358 2310 512 2376 assentiri
543 2329 658 2392 parum
685 2310 846 2391 potuerim
869 2310 1023 2376 inducere
1047 2310 1197 2394 animum,
1230 2309 1394 2375 assentiar

217 2417 391 2498 posteriori
422 2437 480 2499 pro
514 2422 601 2483 certo
634 2417 801 2482 affirmans
835 2436 875 2482 ea
898 2435 981 2498 quae
1003 2417 1210 2482 Ptolemaeus
1233 2415 1394 2498 copiosius

218 2543 256 2589 ac
280 2523 468 2606 diligentins
491 2524 697 2606 praeceperit
725 2525 765 2589 de
792 2524 923 2590 luminis
953 2524 1151 2590 retractione
1184 2523 1280 2606 longe
1311 2524 1394 2588 late·

218 2650 279 2711 que
294 2631 434 2715 fluxisse,
449 2632 650 2697 Cleomedem
665 2636 783 2715 antem,
807 2651 870 2712 quo
886 2636 959 2696 erat
981 2631 1144 2714 ingeniolo
1168 2649 1293 2710 quoque
1317 2649 1394 2695 usus

216 2740 310 2804 modo
333 2739 368 2804 in
391 2741 488 2804 rebus
511 2739 615 2821 magis
640 2744 698 2804 aut
721 2738 826 2803 minus
850 2737 1091 2822 adumbrandis,
1123 2740 1202 2803 data
1225 2737 1394 2803 occasione

218 2846 299 2910 satis
322 2846 476 2911 habuisse
499 2846 579 2911 illud
602 2845 736 2912 brevius
760 2864 1032 2911 commemorasse.

306 2952 454 3032 Denique
467 2952 648 3017 Ptolemaei
662 2971 683 3016 a
697 2951 866 3017 Cleomcde
880 2952 1076 3017 mentionem
1090 2970 1154 3016 non
1169 2969 1239 3016 esse
1262 2950 1393 3032 iactam,

218 3078 313 3140 quem
336 3060 432 3139 paulo
455 3063 530 3140 post
552 3059 644 3123 illum
666 3056 767 3123 tuisse
791 3063 849 3124 aut
882 3062 970 3124 certe
1002 3059 1091 3122 illius
1122 3056 1193 3122 iere
1225 3057 1395 3137 aequalem

218 3171 306 3249 puto,
330 3166 460 3230 minime
484 3169 533 3231 est
557 3184 615 3230 cur
638 3165 799 3248 miremur,
824 3166 910 3246 quod
933 3165 1029 3230 huius
1052 3164 1101 3230 rei
1124 3163 1242 3230 similia
1259 3168 1396 3245 possunt

220 3273 337 3339 afferri.
383 3273 560 3338 Letronnio
585 3276 719 3338 auctore
742 3272 851 3354 priore
874 3272 944 3338 loco
967 3273 1088 3338 mentio
1113 3272 1157 3337 sit
1180 3272 1271 3337 iacta
1290 3275 1394 3337 astro-

219 3380 305 3445 nomi
337 3399 430 3460 qucm
463 3380 576 3446 dicunt
599 3379 723 3462 Hygini
756 3380 826 3447 sive
860 3378 1027 3460 personati
1050 3378 1176 3463 Hygini
1198 3379 1254 3459 qui
1277 3378 1394 3442 Erato-

220 3488 367 3552 sthenem
381 3487 571 3568 saepissime
585 3492 822 3572 commemorat,
846 3506 888 3552 ne
902 3488 1003 3554 verbo
1018 3487 1147 3567 quidem
1161 3485 1394 3567 HipparcHum.

220 3593 304 3659 Num
326 3601 423 3675 putas
446 3595 509 3660 hac
532 3596 571 3659 de
596 3613 697 3660 causa
719 3593 811 3659 illum
835 3595 1003 3677 Hyginum
1026 3593 1127 3658 fluisse
1151 3599 1228 3658 ante
1252 3592 1394 3673 Hippar-

221 3701 335 3765 chum?
381 3702 491 3781 Atque
524 3702 635 3766 eodem
668 3703 760 3766 modo
783 3701 920 3766 Proclus
944 3700 1000 3780 qui
1023 3699 1287 3765 commentarium
1311 3717 1395 3762 com-

221 3807 328 3888 posuit
350 3807 385 3871 in
408 3807 546 3888 primum
569 3807 716 3872 Euclidis
741 3808 984 3872 Elementorum
1008 3807 1128 3871 librum
1159 3803 1396 3870 illustrissimos

222 3919 389 3978 enumerat
421 3915 669 3980 mathematicos
703 3915 819 3981 omisso
843 3915 975 3979 Theona
998 3912 1221 3979 Alexandrino
1252 3911 1308 3993 qui
1331 3931 1395 3977 om·

222 4020 310 4084 nium
342 4019 515 4099 plurimum
546 4021 653 4088 valuit
682 4023 717 4087 in
748 4021 896 4087 Euclidis
919 4020 1099 4087 Elementis
1131 4020 1395 4100 interpretandis.

223 4125 315 4208 Quae
347 4145 418 4191 cum
441 4125 490 4192 ita
522 4128 588 4193 sint
620 4130 692 4208 quis
725 4135 776 4194 est
809 4129 865 4210 qui
888 4129 1052 4194 Thoonem
1074 4127 1175 4193 inisse
1204 4133 1299 4209 putet
1322 4133 1397 4207 post

222 4231 443 4318 Proclumiffl)

222 4353 436 4360 *—

300 4385 351 4518 7²12
366 4383 563 4439 beaumont
581 4400 633 4438 rec.
648 4385 715 4438 Bak.
732 4387 773 4439 ed.
788 4385 886 4440 Oleom.
900 4385 930 4438 in
950 4385 1080 4454 „Journal
1094 4386 1140 4438 des
1155 4365 1297 4448 Savantsf‘,
1320 4383 1396 4450 1821,

222 4480 284 4533 Pag-
355 4509 360 4518 ·
