3425 5192
819 389 1040 451 „64-

341 568 384 637 12)
402 568 472 623 Atii·
488 567 551 622 151f
578 565 595 633 ἡ
615 563 700 633 τροφὴ
714 565 738 617 δ’
748 563 816 617 ἐστίν
832 565 836 632 1
852 563 926 630 ἀρτσι
944 561 992 629 μέν
1010 563 1099 632 ὀλίγοι,
1116 565 1120 633 1
1136 563 1203 631 κρέα
1221 562 1251 616 δέ
1267 563 1358 631 πολλά,
1376 563 1379 632 1
1396 563 1424 616 ἐν
1442 564 1516 618 ὕδατι

445 657 491 709 καί
510 654 576 708 ὀπτὰ
610 656 613 724 1
630 653 667 706 ἐπ’
688 653 835 721 ἀνθράκων
851 653 854 721 1
871 653 890 720 ἤ
907 653 1062 722 ὐβελίσκων.

343 747 385 814 13)
405 745 438 799 D.
458 746 491 814 V,
513 747 554 808 17,
573 745 591 797 4
617 742 685 796 κατὰ
700 741 743 800 τὰς
762 742 932 810 γεγενημένας
949 743 953 811 1
968 742 1047 794 πάλαι
1065 741 1128 794 ποτέ
1146 744 1288 809 στρατείας.

342 835 385 903 14)
404 834 436 888 D.
450 835 484 904 V,
500 834 543 902 29,
557 835 572 886 3
597 833 641 891 τάς
656 851 682 884 τε
697 837 749 883 τῶν
761 832 901 898 προγόνων
914 830 1093 898 ἀνδραγαθίας
1112 831 1251 898 ἐξυμνοῦσι
1268 833 1272 900 1
1288 831 1335 884 καί
1353 831 1398 890 τάς
1416 830 1516 885 ἑαυτῶν

446 922 539 990 ἀρετὰς
552 922 737 991 προφέρονται,
751 920 761 990 11
774 919 874 972 καὶτὸν
885 919 1094 986 ἀντιταττόμενον
1103 919 1288 982 ἐξονειδίζουσι
1298 921 1344 973 καί
1354 928 1500 975 ταπεινοῦσι
1510 922 1513 992 1

447 1012 492 1065 καί
511 1011 539 1064 τὸ
558 1012 667 1064 σύνολον
686 1010 714 1062 τὸ
732 1010 833 1077 θράσος
853 1017 898 1077 τῆς
917 1017 1008 1077 ψυχῆς
1027 1017 1080 1067 τοῖς
1097 1010 1182 1077 λόγοις
1200 1017 1436 1077 προαφαιροῦνται.

342 1103 385 1168 15)
404 1102 436 1155 D.
457 1103 489 1164 V,
505 1102 579 1164 30‚4
602 1099 669 1152 κατὰ
688 1098 734 1167 τὴν
751 1098 853 1166 πληγὴν
870 1100 873 1166 1
889 1097 927 1166 μὴ
945 1099 1027 1163 μόνον
1045 1098 1143 1165 τέμνειν
1159 1100 1163 1168 1
1179 1098 1243 1151 ἀλλὰ
1261 1099 1307 1151 καί
1325 1099 1437 1166 θραύειν
1452 1101 1456 1168 Ι
1473 1099 1517 1157 τὰς

448 1190 557 1257 σάρκας.

343 1279 385 1348 16)
404 1279 437 1333 D.
457 1281 489 1343 V,
510 1279 552 1343 32,
571 1280 587 1332 5
613 1277 684 1331 οὗτοι
702 1277 751 1346 γάρ
770 1277 880 1329 εἰσινοὶ
897 1276 943 1345 τὴν
960 1275 1009 1343 μέν
1022 1275 1131 1344 Ῥώμην
1150 1276 1257 1343 ἑλόντες,
1277 1276 1287 1348 11
1305 1277 1335 1329 τό
1353 1276 1383 1330 δέ
1400 1276 1470 1344 ἱερὸν
1488 1277 1517 1330 τὸ

447 1368 475 1420 ἐν
493 1367 606 1436 Δελφοῖς
624 1366 787 1435 συλήσαντες,
802 1365 813 1436 11
825 1365 872 1418 καί
889 1365 988 1433 πολλὴν
1004 1364 1053 1432 μέν
1071 1373 1116 1433 τῆς
1130 1365 1274 1434 Εὐρώπης,
1291 1367 1295 1435 1
1313 1366 1363 1419 οὐκ
1383 1367 1471 1434 ὀλίγην
1489 1365 1519 1419 δέ

448 1457 494 1510 καί
512 1465 557 1525 τῆς
573 1457 656 1515 Ἀσίας
675 1454 908 1523 φορολογήσαντες,
923 1457 932 1522 1
946 1455 992 1507 καί
1010 1461 1063 1506 τῶν
1081 1455 1353 1522 καταπολεμηθέντων
1366 1454 1413 1524 τὴν
1424 1455 1517 1524 χώραν

448 1546 660 1614 κατοικήσαντες,
674 1543 778 1616 11σίδιά
797 1543 843 1612 τὴν
854 1544 921 1611 πρὸς
935 1543 995 1602 τούς
1009 1544 1136 1610 Ἕλληνας
1150 1544 1294 1613 ἐπιπλοκὴν
1303 1544 1518 1613 Ἑλληνογαλάται
1600 1538 1603 1541 ’

448 1636 598 1703 κληθέντες,
616 1635 626 1706 11
644 1634 672 1687 τὸ
695 1633 724 1687 δὲ
747 1634 891 1686 τελευταῖον
913 1633 994 1686 πολλὰ
1017 1633 1063 1686 καί
1080 1633 1179 1703 μεγάλα
1202 1635 1364 1700 στρατόπεδα
1379 1635 1519 1702 Ῥωμαίων

449 1725 644 1794 συντρίψαντες.ι
657 1722 668 1794 11

448 1900 550 1969 ἀγαθῆς
572 1900 583 1972 11
605 1901 700 1969 συνέβη
724 1899 784 1959 τούς
803 1901 966 1969 Κελτίβηρας
988 1900 1030 1952 ἐπὶ
1047 1900 1114 1953 πολύ
1133 1909 1165 1968 τῆ
1189 1902 1254 1968 δόξῃ
1277 1901 1418 1969 προελθεῖν
1441 1902 1445 1970 1
1473 1902 1519 1954 καί

446 1989 587 2057 Ῥωμαιοις
605 1990 716 2048 πολλοὺς
735 1992 847 2058 χρόνους
866 1989 1081 2055 ἀντιταξαμένους
1098 1991 1174 2058 μόγις
1192 1991 1450 2058 καταπολεμηθῆναι.

345 2079 388 2147 19)
408 2079 440 2132 D.
462 2080 494 2147 V,
515 2080 558 2143 33,
577 2081 593 2132 5
621 2079 747 2147 ἐπιμελεῖς
770 2078 819 2148 γὰρ
843 2079 914 2137 ὄντες
930 2080 935 2146 1
951 2078 997 2132 καί
1019 2079 1159 2146 καθάρειοι
1182 2087 1237 2137 ταῖς
1256 2080 1364 2138 διαίταις
1376 2079 1387 2150 11
1400 2081 1428 2132 ἓν
1445 2080 1520 2148 ἔργον

449 2169 629 2237 ἐπιτηδεύουσι
647 2169 780 2238 βάναυσον
797 2171 800 2238 1
816 2169 863 2221 καί
880 2168 977 2235 πολλῆς
996 2168 1163 2235 ἀκαθαρσίας
1182 2170 1388 2237 κεκοινωνηκός.

347 2257 389 2326 19)
409 2259 445 2312 D.
466 2258 501 2328 V,
520 2260 566 2327 34,
585 2259 601 2312 5
629 2258 761 2326 εὐκίνητοι
784 2256 814 2310 δὲ
836 2259 908 2316 ὄντες
930 2257 976 2309 καί
999 2265 1098 2325 κοῦφοι
1117 2257 1128 2328 11
1146 2258 1245 2325 ῥᾳδίως
1264 2258 1309 2310 καί
1329 2257 1455 2325 φεύγουσι
1473 2258 1520 2311 καί

451 2347 587 2401 διώκουσι.

344 2435 388 2501 20)
408 2436 444 2490 l).
459 2436 598 2507 XXXIV,
612 2437 640 2507 2,
655 2437 691 2491 34
723 2434 769 2504 τὴν
787 2435 878 2489 οὐσίαν
895 2434 1109 2504 μεγαλόπλουτος,
1127 2438 1131 2505 1
1148 2435 1191 2488 τὸν
1209 2437 1305 2503 τρόπον
1322 2436 1500 2504 ὑπερήφανος,
1511 2435 1521 2507 11

452 2526 480 2583 ὃς
494 2523 591 2592 πολλὴν
605 2525 697 2593 χώρας
710 2525 832 2594 περίοδον
846 2531 979 2594 γεωργῶν,
997 2526 1001 2594 1
1016 2526 1183 2593 παμπληθεῖς
1194 2524 1223 2578 δέ
1235 2526 1414 2594 βοσκημάτων
1428 2525 1520 2593 ἀγέλας

451 2613 619 2680 κεκτημένος.

345 2701 390 2768 21)
409 2703 458 2756 Pl.
474 2703 550 2757 Har.
567 2703 623 2758 002
649 2703 789 2771 ἀνδρώδης
808 2702 857 2770 γάρ
878 2704 956 2770 φύσει
975 2704 1020 2755 καί
1038 2703 1181 2770 πολεμικός
1193 2703 1204 2774 11
1217 2712 1406 2772 στρατιωτικῆς
1423 2705 1522 2771 μᾶλλον

453 2790 630 2859 ῆπολιτικῆς.

345 2880 390 2949 22)
409 2881 450 2934 Ρ1.
472 2881 537 2934 Mar.
558 2898 579 2934 c.
599 2883 633 2934 45
662 2881 807 2949 σύγκλυδας
826 2881 918 2948 όμίλου
932 2881 1001 2952 11κοί
1019 2881 1182 2940 στασιώδους
1201 2882 1290 2950 ὄχλου.

347 2970 391 3038 23)
411 2969 460 3024 Ρ1.
479 2970 555 3026 Har.
576 2985 602 3026 ο.
621 2971 656 3025 45
685 2970 731 3023 καί
749 2969 887 3037 νυκτερινὰ
906 2971 1013 3037 δείματα
1026 2970 1037 3041 11
1050 2971 1096 3023 καί
1114 2971 1278 3039 ταραχώδεις
1297 2972 1423 3040 ὀνείρους.

347 3057 391 3125 24)
413 3058 475 3114 Str.
496 3059 548 3113 196
577 3060 621 3112 καί
640 3058 689 3127 γάρ
709 3060 822 3127 ἤρξαντο
839 3061 967 3126 πρότερον
979 3059 989 3130 11
1002 3059 1048 3112 καί
1067 3059 1212 3113 ἐπαύσαντο
1230 3061 1346 3128 ὕστερον.

348 3146 475 3215 251811.
496 3148 546 3202 197
578 3148 734 3216 ἀφθάρτους
760 3147 789 3200 δὲ
813 3148 916 3215 λέγουσι
937 3149 940 3218 1
960 3149 1009 3201 καί
1031 3147 1103 3201 οὐτοι
1123 3148 1168 3201 καί
1186 3148 1259 3201 ἄλλοι
1280 3151 1283 3218 1
1305 3149 1350 3208 τὰς
1368 3149 1459 3218 φυγὰς
1478 3150 1525 3203 καί

454 3235 498 3288 τὸν
517 3238 626 3303 κόσμον,
640 3237 650 3307 11
663 3237 845 3305 ἐπικρατήσειν
864 3237 894 3290 δέ
910 3257 973 3290 ποτε
989 3238 993 3309 1
1009 3237 1055 3290 καί
1073 3244 1126 3305 πῦρ
1145 3237 1192 3289 καί
1211 3238 1294 3305 ὕδωρ.

451 3485 479 3540 ὅ.
508 3481 728 3555 Αυααάεαῐίο,
753 3482 869 3543 eadem
892 3482 1044 3557 pluribus
1068 3483 1182 3544 vorbis
1207 3483 1420 3559 significatio.

364 3617 373 3687 )
392 3618 457 3672 Ath.
480 3619 543 3672 152e
570 3618 635 3686 μετὰ
654 3619 726 3688 ᾠδῆς
745 3620 841 3687 ὐμνεΐν.

349 3619 360 3670 1

347 3707 363 3759 2

365 3708 456 3776 )Ath.
476 3709 556 3773 2101,
576 3709 643 3762 527f
666 3709 872 3776 καταυλούμενοι
890 3708 956 3776 πρὸς
974 3710 1115 3777 χελωνίδος
1132 3710 1299 3776 πολυκρότου
1317 3712 1435 3779 ψόφους.

351 3797 375 3860 3)
395 3797 460 3851 Ath.
481 3798 547 3850 2741ι
578 3797 679 3865 ἀφελὴς
698 3797 743 3850 καί
762 3798 914 3866 ἀπερίεργος
933 3806 1035 3867 χρῆσις.

347 3887 375 3955 4)
394 3887 458 3940 Ath.
479 3887 547 3940 274b
572 3885 659 3955 ἀφελῆ
678 3908 704 3939 τε
722 3894 802 3941 ταῦτα
819 3888 866 3940 καί
884 3888 948 3942 λιτά.

349 3976 375 4045 5)
395 3976 466 4030 4111.
486 3977 552 4030 549θ
580 3975 623 4029 διὰ
646 3975 674 4028 δέ
697 3975 744 4043 τὴν
767 3975 871 4044 τρυφὴν
894 3977 1040 4044 διέφθαρτο
1066 3977 1094 4030 τὸ
1117 3985 1194 4044 σῶμα
1219 3978 1270 4030 ὐπὸ
1292 3979 1455 4047 παχύτητος,
1480 3981 1527 4033 καὶ

455 4064 564 4132 γαστρὸς
582 4064 718 4133 μεγέθους,
738 4066 771 4132 ἣν
790 4066 995 4134 δυσπερίληπτον
1012 4065 1077 4119 εἶναι
1096 4067 1252 4136 συνέβαινεν.

349 4153 460 4223 6114111.
480 4154 547 4207 649d
572 4161 617 4206 τοῦ
636 4156 735 4206 κωνίου
755 4161 808 4206 τῶν
826 4155 979 4223 στροβίλων.

350 4245 376 4310 7)
396 4243 428 4296 Ι).
449 4243 482 4305 V,
501 4244 545 4305 27,
566 4242 578 4294 l
609 4241 732 4300 σκολιοὺς
750 4242 810 4301 τούς
829 4243 953 4311 ἀγκῶνας
971 4245 1077 4311 ἔχουσα.

350 4332 376 4399 3)
397 4332 434 4385 D.
454 4331 489 4401 V,
508 4331 555 4399 29,
574 4332 591 4385 4
620 4338 672 4383 τῶν
691 4329 720 4383 δέ
737 4333 871 4385 πεσόντων
888 4333 1020 4400 πολεμίων
1038 4333 1083 4392 τὰς
1106 4333 1224 4401 κεφαλὰς
1243 4335 1418 4402 ἀφαιροῦντες
1434 4339 1529 4404 περιά-

455 4440 547 4472 πτουσι
567 4429 619 4477 τοῖς
638 4420 729 4487 αὐχέσι
748 4428 800 4474 τῶν
819 4423 914 4475 ἵππων·
945 4421 976 4475 τὰ
990 4422 1019 4475 δὲ
1033 4423 1117 4476 σκῦλα
1136 4432 1189 4482 τοῖς
1207 4424 1354 4491 θεράπουσι
1365 4425 1530 4493 παραδόντες
