3425 5192
841 379 1061 442 ...ss6-

367 548 396 619 8)
414 551 451 605 1).
470 551 610 621 XXXIV,
625 551 653 622 2,
668 553 702 606 34
730 551 795 618 πρὸς
814 550 843 604 δὲ
861 552 960 609 τούτοις
975 552 1113 618 εὐπρεπῶν
1130 552 1233 604 παίδων
1249 550 1360 617 πλῆύος,
1378 549 1413 602 ίτι
1431 547 1461 603 δὲ
1479 569 1536 602 κο-

474 638 583 692 λάκων
601 639 766 707 ἀνάγωγον
783 638 1047 709 παραδρομὴνῙΜ)
1065 641 1134 707 ἔχειν
1150 639 1330 707 ἐφιλοτιμεῖτο.

807 833 836 889 7.
863 829 1101 891 Βοοοιιιὶιτεῐίο.

369 947 477 1017 1))411).
497 947 576 1002 2l4f.
605 947 649 1000 καί
668 946 731 999 οὐδὲ
748 948 854 1015 χάρακα
872 949 1025 1017 βαλόμενος.

369 1035 397 1104 2)
416 1037 453 1091 Ι).
473 1036 508 1107 V,
527 1037 572 1106 30,
592 1037 608 1090 2
636 1036 715 1103 ζῴων
732 1036 840 1104 χαλκῶν
859 1035 952 1104 ἐξοχὰς
971 1037 1082 1103 ἔχουσιν.

368 1125 395 1191 3)
415 1125 447 1180 Ι).
466 1125 499 1193 V,
518 1125 561 1192 31,
581 1125 597 1178 3
623 1125 781 1192 σπαραγμός.

367 1212 394 1282 4)
412 1213 445 1266 D.
468 1213 498 1281 V,
518 1214 589 1281 31‚5
616 1214 796 1280 στρατόπεδον.
819 1244 849 1253 -
870 1212 916 1269 (11.
929 1215 993 1267 Ath.
1007 1215 1085 1268 2130.
1104 1245 1139 1252 —-
1157 1214 1191 1270 D.
1205 1215 1238 1281 V,
1251 1215 1295 1277 25,
1308 1214 1333 1268 2,
1353 1214 1396 1277 32,
1410 1216 1433 1266 5.
1453 1213 1496 1274 34,
1508 1215 1536 1266 7.

473 1301 598 1363 XXXIV,
618 1302 642 1366 2,
656 1301 698 1356 20.
719 1331 751 1342 -
771 1301 811 1355 Pl.
832 1302 899 1356 Mar.
919 1319 940 1355 ο.
962 1303 1003 1356 ll.

367 1387 394 1455 5)
413 1389 449 1442 l).
468 1388 503 1457 V,
523 1391 568 1458 31,
588 1390 605 1444 5
632 1391 703 1442 οὕτω
722 1389 766 1443 καί
788 1389 860 1456 παρὰ
880 1397 931 1448 τοῖς
949 1389 1117 1457 ἀγριωτάτοις
1140 1390 1285 1459 βαρβάροις
1308 1391 1325 1444 δ
1345 1390 1448 1454 ύυγιδς
1469 1391 1536 1442 εἴκει

473 1486 507 1544 τῇ
527 1479 625 1546 σοφίᾳ
643 1477 689 1531 καὶ
707 1478 723 1529 δ
735 1478 825 1546 Ἄρης
844 1479 953 1531 αἰδεῖται
970 1477 1024 1537 τὰς
1041 1479 1184 1537 Μούσας.

367 1565 394 1634 (1)
414 1566 450 1621 l).
464 1567 497 1635 V,
512 1567 556 1630 31),
571 1568 588 1620 3
616 1567 705 1633 διόπερ
718 1566 868 1636 ἐμβιοῦντες
883 1568 953 1633 ὄρεσι
966 1567 1208 1635 χιονοβολουμένοις
1215 1567 1258 1636 ¹⁰⁸)
1270 1566 1316 1619 καὶ
1334 1566 1536 1634 τραχύτητας

472 1653 627 1712 ἀπίστους
645 1654 829 1722 ὀρειβατεῖν
846 1653 1033 1712 εἰωθότες-
1051 1654 1096 1709 (11.
1116 1655 1148 1708 D.
1162 1655 1195 1722 V,
1211 1656 1253 1719 34,
1269 1656 1293 1709 7
1313 1655 1355 1719 39,
1368 1654 1445 1722 2¹⁰⁸)

366 1740 448 1810 7)1).
468 1743 606 1814 XXXIV,
624 1742 652 1812 2,
671 1743 705 1796 27
738 1741 798 1804 τούς
816 1741 846 1796 δὲ
864 1750 918 1801 ταῖς
935 1743 1063 1812 βαρύτητι
1082 1749 1135 1795 τῶν
1153 1743 1237 1812 ἔργων
1255 1751 1469 1797 καταιτονεῖα-
1435 1742 1535 1800 -DL

472 1829 650 1895 D.,XXXIV
665 1831 694 1894 2,
714 1831 755 1885 32.

366 1917 393 1986 )
411 1919 447 1974 1)
461 1919 604 1992 XXXIV,
617 1921 645 1990 2,
658 1919 736 1974 35
720 1920 853 1988 ανάγωγος
872 1919 920 1988 γὰρ
939 1941 985 1973 και
979 1920 1157 1979 ἀπαίδευτος
1175 1921 1270 1988 τρόπος
1288 1919 1441 1982 ε’ξουσίας’
1426 1939 1536 1975 ανυπευ·

472 2008 556 2060 ύύνου
570 2007 616 2060 καί
631 2008 711 2076 τύχης
724 2008 933 2076 μεγαλοπλούτου
943 2009 1083 2075 κυριεύσας
1094 2008 1122 2061 τὸ
1130 2007 1179 2076 μὲν
1186 2015 1292 2075 πρῶτον
1301 2010 1383 2076 κόρον
1392 2008 1536 2077 ἐγέννησεν,

470 2094 522 2148 εἶδ’
541 2095 631 2165 ὕβριν,
654 2095 682 2148 τύ
705 2094 734 2148 δὲ
756 2096 900 2149 τελευταῖον
922 2097 1033 2165 ὄλεύρόν
1051 2117 1077 2149 τε
1101 2095 1174 2164 αὐτῷ
1196 2096 1243 2150 καί
1266 2097 1405 2164 συμφορὰς
1422 2095 1537 2164 μεγάλας

471 2191 502 2250 τῇ
519 2185 632 2251 πατρίδι.

367 2271 399 2341 9)
414 2273 450 2326 l).
470 2273 609 2344 XXXIV,
633 2274 665 2344 2,
688 2275 723 2328 39
757 2281 802 2340 τῆς
819 2273 1041 2342 προγεγενημένης
1058 2272 1164 2341 χάριτος
1182 2272 1388 2341 ξενολογηοάσης
1406 2273 1472 2341 αὐτῇ
1492 2273 1538 2325 τάν

377 2393 380 2396 -
470 2359 541 2427 παρὰ
560 2368 613 2414 τῶν
630 2361 660 2413 εύ
678 2363 850 2415 πεπονθότων
868 2362 946 2415 ἔλεον.

822 2546 851 2602 8.
880 2542 1077 2618 snperlatio.

367 2660 394 2730 1)
412 2660 445 2714 D.
464 2660 497 2730 V,
518 2661 561 2724 17,
579 2661 596 2713 2
620 2660 753 2729 ὑπερβολῇ
771 2661 837 2728 πρὸς
856 2660 901 2713 τόν
918 2661 988 2714 οἶνον
1006 2661 1194 2729 εὐκατάφοροι.

368 2748 396 2817 2)
414 2749 451 2804 Ι).
470 2748 505 2819 V,
525 2750 570 2821 34,
589 2749 608 2802 (l
643 2754 696 2801 τῶν
718 2747 767 2816 γάρ
790 2749 964 2816 ἀκμαζόντων
986 2757 1040 2807 ταῖς
1064 2749 1175 2816 ἡλικίαις
1194 2749 1221 2801 οί
1240 2748 1351 2817 μάλιστα
1368 2748 1537 2817 ἀπορώτατοι

473 2843 527 2896 ταῖς
546 2835 658 2902 οὐσίαις,
682 2836 760 2906 ρώμη
785 2835 814 2890 δὲ
838 2837 959 2903 σώματος
977 2857 1023 2889 και
1017 2837 1133 2903 ύράσει
1152 2838 1326 2905 διαφέροντες.

367 2925 442 2995 3)D
453 2926 486 2995 V,
501 2926 543 2992 34,
559 2925 574 2978 6
592 2925 705 2992 κούφοις
722 2923 771 2994 γὰρ
783 2925 919 2993 χρώμενοι
932 2925 1123 2992 καθοπλισμοῖς
1139 2945 1185 2977 και
1180 2925 1330 2984 παντελῶς
1344 2925 1456 2984 ὅποτ’
1428 2927 1536 2994 ευκίνη·

474 3033 512 3066 τοι
531 3034 576 3067 και
571 3014 671 3076 ὀξεῖς.

364 3101 448 3169 4)1).
468 3103 501 3172 V,
520 3103 598 3172 40,]
629 3102 835 3207 εὐχρηστοτάτην
855 3102 924 3171 (scil
943 3101 1087 3171 σάλπιγγα).

365 3189 448 3259 )5]).
468 3191 605 3261 XXXIV,
619 3191 647 3261 2,
662 3191 697 3244 26
725 3189 767 3243 διὰ
786 3190 834 3258 γὰρ
854 3211 900 3259 την
918 3190 1044 3259 ύπερβολ
1027 3211 1066 3258 ,ην
1089 3198 1133 3258 τῆς
1157 3189 1281 3258 εὐπορίας
1305 3196 1358 3242 τῶν
1380 3188 1427 3257 τὴν
1445 3193 1538 3257 κρατί-

472 3298 535 3345 στην
547 3278 652 3345 νῆσον’
639 3279 864 3346 εκκαρπουμίνων
877 3280 985 3338 ἅπαντες
1000 3279 1129 3345 σχεδὸν*
1102 3299 1126 3330 οι
1139 3287 1191 3337 τοῖς
1204 3279 1323 3336 πλούτοις
1336 3281 1539 3348 προκεκοφότας

475 3366 678 3434 ἐζήλωσαν...

365 3453 393 3526 6)
412 3454 463 3513 ΡΙ.
481 3456 559 3509 Mar·
578 3470 605 3510 ο.
624 3453 641 3508 2
671 3454 745 3512 εἰς’
728 3456 862 3520 ωμότατον
880 3455 925 3508 καί
943 3455 1104 3522 ἀγριώτατον
1121 3463 1201 3522 γῆρας
1221 3455 1361 3517 ἐξοκείλας.

721 3656 750 3712 9.
780 3652 1002 3714 contradictio
1027 3653 1180 3733 (litotes).

384 3774 393 3843 )
412 3773 449 3829 1).
468 3773 503 3844 V,
522 3773 568 3840 31,
587 3773 604 3830 1
624 3779 678 3830 ταῖς
695 3771 724 3824 δὲ
738 3773 863 3830 διανοίαις
882 3773 950 3836 ὀξεῖς
961 3772 973 3844 Ι)
986 3772 1031 3826 καί
1049 3772 1115 3840 πρὸς
1132 3773 1250 3841 μάθησιν
1267 3771 1318 3826 οὐκ
1336 3772 1438 3840 ἀφυεῖς.

385 3862 447 3932 )Ι).
466 3861 499 3930 V,
518 3862 561 3942 31,
580 3861 597 3914 4
624 3861 723 3928 μηδένα
741 3862 837 3914 ύυσίαν
854 3871 937 3914 ποιεῖν
955 3861 1017 3913 ἀνευ
1036 3862 1193 3928 φιλοσόφου.

367 3775 380 3827 1

366 3864 382 3917 2

285 3945 289 3951 ’
366 3952 382 4004 3

365 4039 383 4092 4

412 3950 446 4005 D.
465 3949 498 4018 V,
518 3949 560 4016 39,
580 3948 596 4000 2
624 3949 747 4016 οὐδεμίαν
765 3948 813 4017 γὰρ
832 3950 921 4017 βῶλον
939 3958 991 4007 τοῖς
1010 3950 1149 4016 ἐργαλείοις
1168 3950 1319 4002 ἀνασπῶσιν
1337 3950 1399 4002 ἄνευ
1418 3949 1506 4004 λίύου.

413 4039 449 4094 l).
469 4039 502 4107 V,
521 4037 567 4107 40,
586 4038 603 4090 3
630 4036 795 4103 ε’κπωμάτων
813 4038 836 4090 δ’
856 4037 978 4104 ἀργυρῶν
996 4039 1170 4090 παντοδαπῶν
1192 4038 1315 4105 πλῆθος
1338 4036 1383 4088 καὶ
1407 4042 1461 4106 τῶν
1480 4038 1541 4090 δια-

472 4125 621 4177 κονούντων
640 4125 749 4177 οἰκετῶν
767 4125 828 4198 οὐκ
848 4126 955 4192 ἀλίγον
973 4125 1116 4192 ἀριθμόν
1135 4126 1312 4193 ἡτοιμακότες.

366 4235 577 4245 ,,-..-......-.

449 4283 482 4350 ⁰²)
503 4283 541 4335 οῖ.
561 4283 694 4350 Scheppig
713 4284 740 4351 (l.
755 4286 787 4350 ο.)
808 4285 881 4351 1444
901 4286 972 4351 (adn.
988 4285 1041 4347 26).

438 4370 482 4434 ¹⁰⁸)
500 4369 553 4424 Osa
573 4385 654 4437 supra
672 4378 747 4438 p.40
764 4373 836 4440 (adn.
854 4368 960 4439 75)-
981 4368 1185 4426 Mueller'FHG
1203 4370 1333 4440 111,275.
1428 4412 1433 4427 ,.
1482 4409 1485 4415 .
