3425 5192
475 1343 528 1424 De
556 1341 788 1426 Elocutioue
815 1340 1088 1426 Posidoniono.

284 1539 441 1622 Quamvis
473 1539 541 1604 sint
572 1539 675 1604 multa
707 1556 746 1604 ae
773 1539 942 1605 luculenta
973 1557 1013 1605 ea
1044 1558 1127 1619 quae
1159 1539 1266 1604 adhuc
1297 1545 1375 1603 sunt

197 1646 321 1728 scripta
335 1649 375 1712 de
389 1645 561 1712 Posidonio
576 1664 692 1728 rerum,
716 1646 872 1729 gentium,
895 1652 1058 1712 terrarum
1071 1646 1241 1728 scriptore,
1264 1649 1374 1712 tamen

197 1755 366 1820 dolendum
383 1759 434 1818 est
451 1752 611 1817 neminem
627 1753 793 1818 exstitisse
808 1753 863 1834 qui
878 1754 1012 1818 uberius
1035 1773 1074 1819 ae
1088 1753 1192 1822 fusius
1215 1752 1375 1829 scriberet

197 1863 237 1926 de
258 1860 348 1926 illius
372 1859 560 1925 elocutione.
606 1858 678 1941 Qua
702 1862 742 1925 de
772 1879 808 1926 re
831 1879 930 1926 unam
953 1866 1083 1926 tantum
1109 1861 1265 1935 habemus
1289 1879 1373 1925 com·

196 1967 488 2033 mentatiuneulam
515 1966 712 2049 peculiarem
735 1967 893 2051 Martinii,
901 1965 955 2053 ¹⁰¹)
983 1985 1067 2048 quae
1090 1967 1374 2048 amplificationem

198 2075 359 2155 quandam
391 2075 487 2142 valde
519 2075 694 2140 desideret.
749 2073 813 2140 8111
845 2074 1061 2141 confitendum
1095 2079 1146 2139 est
1177 2075 1240 2140 hac
1272 2074 1305 2139 in
1338 2092 1374 2138 re

197 2181 382 2247 absolutum
420 2181 570 2262 quiddam
605 2186 704 2262 atque
735 2181 919 2264 perdoctum
950 2180 1037 2248 effici
1069 2200 1132 2246 non
1164 2200 1266 2265 posse,
1299 2183 1375 2245 dum

198 2288 375 2370 copiosiora
399 2288 607 2370 reperiantur
630 2293 663 2354 et
696 2290 893 2371 detegantur
916 2287 1081 2354 Posidonii
1104 2289 1262 2354 librorum
1284 2288 1373 2369 frag-

196 2401 316 2461 menta.
360 2394 451 2477 Quae
471 2415 543 2460 oum
565 2395 615 2460 ita
638 2395 713 2479 siut,
737 2395 869 2461 interim
892 2396 926 2460 id
949 2415 1048 2460 unum
1070 2398 1232 2479 agendum
1254 2400 1314 2479 est,
1337 2399 1373 2459 ut

197 2521 343 2582 eaquae
367 2507 401 2567 et
425 2501 552 2581 antiqui
576 2507 610 2567 et
632 2501 830 2568 recentiores
854 2501 919 2567 viri
942 2503 1029 2567 docti
1056 2503 1190 2585 propria
1211 2520 1282 2568 esse
1306 2505 1373 2566 sta·

197 2615 332 2675 tuerunt
347 2609 537 2675 elocutionis
551 2608 798 2693 Posidonianae,
818 2609 974 2690 exemplis
989 2629 1085 2690 quam
1100 2609 1248 2690 plurimis
1262 2608 1374 2674 allatis

197 2716 411 2782 illustrentm.
449 2716 567 2799 Quam
592 2716 921 2798 adremutprima
943 2718 1131 2798 quaedam
1144 2715 1374 2797 conferrem,

198 2823 375 2904 quaesivi
398 2826 443 2889 de
466 2823 641 2890 omnibus
664 2823 714 2889 iis
737 2823 849 2907 loric,
877 2841 971 2903 quos
994 2823 1073 2890 viri
1096 2819 1263 2907 ductim)
1287 2840 1373 2887 eon-

198 2932 409 2995 tenderunt
442 2949 515 2995 non
547 2933 654 2996 modo
686 2930 890 2997 Posidonii
920 2930 1151 3014 doctrinam,
1188 2931 1254 2996 sed
1285 2929 1374 3010 plus

198 3038 373 3104 minusve
406 3037 524 3102 etium
555 3039 642 3118 ipsa
664 3036 774 3102 illius
807 3037 927 3104 verba
954 3038 1155 3120 exhibere,
1187 3041 1227 3102 et
1249 3036 1375 3101 omnia

199 3162 294 3223 quae
325 3144 570 3226 elegantiore
593 3145 754 3224 quodam
787 3150 919 3210 essent
941 3144 1143 3210 instructu
1173 3148 1291 3224 atque
1315 3161 1373 3209 or-

198 3256 306 3333 natu,
330 3251 401 3315 hac
425 3251 639 3332 appendice
670 3250 813 3333 collegi
835 3251 874 3321 in
898 3252 1071 3318 ordinem
1103 3252 1292 3332 quendam
1315 3268 1373 3314 re·

198 3359 322 3423 decta.

286 3463 390 3530 Locos
413 3469 522 3530 autern
545 3465 724 3548 perquisivi
747 3462 882 3549 hos¹⁰³):

288 3731 332 3798 ¹⁰¹)
351 3731 473 3796 Martini,
492 3731 725 3785 Lucubratiouum
744 3729 987 3785 Posidonianarum
1006 3746 1076 3797 spec.
1090 3730 1121 3798 I.,
1140 3728 1170 3782 in
1189 3733 1329 3782 comment.
1345 3727 1374 3780 in

198 3812 290 3866 honor.
305 3811 515 3866 Waelrsmutlrii.
530 3811 605 3879 Lips.
618 3811 695 3878 1897,
708 3828 733 3878 p.
747 3812 796 3864 155
808 3826 873 3878 sqq,
887 3811 934 3878 qui
948 3827 973 3878 p.
991 3811 1042 3864 156
1057 3810 1119 3863 adn.
1134 3810 1152 3862 4
1171 3810 1256 3863 etiam
1271 3813 1374 3862 eeteros

198 3889 227 3943 id
244 3905 331 3960 genus
349 3891 590 3946 commentationes
608 3891 713 3946 attulit.

287 3979 332 4050 ¹⁰²)
351 3979 436 4048 Bake,
455 3979 595 4034 Posidonii
609 3979 709 4036 Rhodii
729 3979 862 4047 reliquiae
880 3979 1020 4035 doetrinae
1039 3978 1128 4048 Lugd.
1141 3978 1203 4031 Bao.
1220 3977 1296 4032 1819,
1310 3991 1374 4045 pag.

202 4058 250 4111 125
261 4074 318 4126 sqq.
334 4053 386 4112 135
396 4075 453 4127 sqq.
470 4059 521 4113 144
531 4075 569 4126 sq.
585 4061 635 4114 157
645 4076 702 4127 sqq.
719 4060 777 4113 172.
795 4060 854 4114 173.
872 4061 922 4114 195
933 4076 991 4126 sqq.

288 4139 455 4204 Mdllenhoff‚
474 4139 612 4194 Deutsche
630 4141 884 4195 Altortumskunde.
902 4140 990 4195 Berol.
1009 4141 1041 4193 Ι2
1052 4139 1157 4209 (189111
1175 4153 1239 4207 pag.
1255 4137 1306 4190 357
1317 4153 1374 4203 sqq.

198 4220 248 4272 441
261 4236 299 4286 sq.
315 4220 376 4274 474.
391 4219 420 4272 H
433 4220 539 4290 (188711
557 4237 620 4290 pag.
636 4222 686 4274 129
696 4238 735 4289 sq.
753 4222 803 4275 177
814 4236 871 4288 sqq.
888 4221 937 4275 183
947 4237 1005 4287 sqq.
1020 4220 1080 4274 186.
1094 4219 1146 4274 993
1157 4234 1214 4285 sqq.

287 4299 392 4368 Mdller,
411 4299 486 4359 ΓΗΘ
505 4299 557 4355 vol.
571 4300 616 4358 111
634 4301 707 4371 (Par.
723 4302 812 4370 1849),
832 4318 895 4370 pag.
910 4296 972 4354 252.
986 4298 1048 4354 275.

288 4389 332 4460 ²⁰³)
351 4389 436 4444 Omisi
456 4390 485 4443 in
503 4390 554 4444 hoe
573 4391 662 4446 indice
680 4407 772 4446 omnes
792 4406 836 4446 cos
860 4391 933 4444 locos
944 4387 1065 4457 'quorum
1083 4388 1225 4443 verbanil
1244 4385 1374 4440 exhibent

198 4469 338 4538 singulare
357 4476 405 4525 aut
423 4469 604 4539 praecipuum.
