3425 5192
702 401 923 464 „23-

227 579 314 644 diam
337 575 371 644 in
386 578 573 660 Epicureos,
596 576 744 658 inprimis
767 576 801 641 in
824 577 929 658 ipsum
944 577 1130 660 Epicurum,
1153 597 1248 657 quern
1272 577 1400 658 quidem

226 705 292 751 non
315 685 417 751 solum
440 683 629 751 nominatim
652 684 781 765 saepius
810 684 964 768 appellat,
997 703 1110 750 verum
1143 685 1242 749 etiam
1275 684 1402 750 confert

225 811 296 857 cum
324 791 475 857 Thersite
502 791 673 856 Homerico
706 787 905 856 odiosissimo
937 791 1001 856 isto
1030 790 1168 856 omniurn
1203 791 1400 856 Graecorum

224 899 360 965 homine.
408 899 477 980 Quo
505 899 540 963 in
567 897 716 962 iaciendo
745 897 835 964 virus
865 897 1057 962 acerbitatis
1082 916 1162 963 suae
1185 897 1306 963 evomit
1328 915 1401 962 cum

223 1007 257 1070 in
280 1007 384 1086 ipsam
399 1011 503 1071 totam
516 1006 750 1086 Epicureorum
772 1005 963 1087 doctrinam,
986 1010 1055 1069 tum
1078 1005 1113 1068 in
1136 1023 1284 1084 eaquae
1307 1024 1400 1086 prae-

225 1113 370 1194 ceperint
393 1113 442 1177 ilh
466 1115 506 1178 de
520 1112 662 1192 corporis
677 1111 911 1192 voluptatibus.
957 1110 1027 1192 Quo
1042 1111 1169 1191 plenior
1182 1111 1220 1176 fit
1234 1112 1400 1194 stomachi,

224 1239 261 1284 eo
286 1218 494 1302 gravioribus
517 1218 762 1298 acrioribusque
785 1217 891 1283 utitur
914 1217 1034 1284 verbio.
1079 1219 1129 1282 Ac
1142 1218 1253 1285 verbis
1267 1217 1300 1283 in
1319 1219 1400 1284 alte-

224 1346 295 1391 ram
318 1345 490 1407 personam
513 1327 648 1402 mutatis
662 1325 840 1407 Epicurum
863 1325 969 1404 ipsum
983 1324 1144 1396 allocutus
1157 1325 1287 1405 probris
1301 1331 1402 1392 vexat

225 1439 324 1512 atque
346 1433 537 1498 maledictis.
582 1433 751 1498 Postremo
767 1436 876 1497 autem
891 1450 963 1496 cum
977 1431 1058 1497 dicit
1072 1450 1145 1496 eum
1167 1450 1273 1512 neque
1296 1438 1400 1498 astro·

224 1539 330 1623 logiae
355 1560 425 1605 esse
448 1541 588 1622 peritum
611 1558 671 1604 nec
694 1539 840 1618 reliquae
854 1539 1089 1621 philosophiae,
1113 1557 1206 1604 omne
1220 1539 1251 1604 ei
1264 1541 1402 1622 derogat

225 1647 401 1729 ingenium.
425 1685 468 1694 —

314 1753 468 1833 Sequitur
483 1758 625 1833 quarta
640 1754 815 1832 eademque
829 1752 947 1817 ultima
960 1751 1063 1817 totius
1087 1752 1286 1832 quaestionis
1303 1771 1401 1833 pars.

225 1860 296 1925 Hoc
324 1860 408 1925 enim
431 1861 501 1925 looo
525 1861 632 1926 tribus
655 1861 766 1926 allatis
790 1859 992 1942 argumentis
1016 1860 1146 1942 proprie
1160 1861 1361 1926 demonstrat
1348 1865 1402 1924 tur

227 1967 380 2033 maiorem
404 1973 495 2032 terra
519 1985 589 2033 csse
613 1968 719 2032 solem.

314 2073 383 2155 Quo
407 2073 496 2140 iacto
520 2073 655 2156 explicit
677 2078 749 2138 tota
770 2075 809 2138 de
825 2073 903 2138 solis
917 2072 1141 2155 magnitudine
1155 2073 1342 2153 disputatio
1356 2111 1400 2117 -—

375 2364 567 2449 llnodatio
597 2365 716 2468 atque
744 2365 944 2468 expositio
975 2387 1086 2468 capp.
1104 2365 1148 2464 ll,
1177 2364 1208 2463 1,
1236 2367 1267 2451 2.

615 2540 654 2603 A
689 2537 743 2602 De
768 2536 1008 2619 argument.

313 2715 385 2798 Age
418 2735 504 2780 nunc
536 2717 778 2780 enodemust
743 2721 843 2794 atque
876 2715 1052 2797 diligenter
1077 2733 1274 2795 exponamus
1297 2718 1402 2778 totam

224 2821 315 2887 illam
339 2823 570 2906 quaestionem,
602 2827 639 2886 ut
663 2840 894 2904 cognoscamus
917 2822 1035 2901 quibus
1059 2841 1099 2886 ex
1122 2820 1268 2886 fontibus
1292 2839 1401 2884 mana-

228 2929 338 2994 verint
360 2929 509 3011 singulae
533 2947 679 3008 quaeque
701 2935 778 3008 part
780 2947 821 2992 es.

315 3035 421 3101 Pars
444 3036 581 3119 prior:
606 3033 694 3115 120,
710 3034 727 3098 'l
744 3033 895 3115 -131,
912 3033 1014 3118 28&
1042 3032 1133 3114 Quae
1147 3032 1310 3098 senserint
1322 3033 1608 3113 Epi-1.120,t-1³2,2s

226 3140 315 3206 cunei
329 3143 368 3206 de
392 3141 469 3206 solis
484 3139 708 3224 magnitudine
722 3140 912 3204 refutantur
929 3140 1111 3222 generatim
1125 3144 1224 3219 atque
1238 3140 1399 3207 universe.

314 3250 352 3313 A.
377 3247 623 3312 Prooemium.
668 3247 723 3312 De
753 3247 1034 3327 Epicureorum
1066 3246 1248 3327 opinione
1280 3249 1401 3327 deque

225 3354 275 3419 iis
299 3373 395 3434 quae
419 3373 498 3419 eam
522 3358 749 3434 sequantur:
776 3355 1018 3438 mill—122,
1031 3356 1079 3419 13.

270 3462 302 3546 a)
335 3463 406 3544 120,
424 3463 543 3527 7—20.
590 3461 726 3525 Monens
749 3463 925 3526 secundum
948 3459 1174 3546 Epicureosffl)
1202 3462 1302 3526 solem
1330 3479 1401 3526 esse

331 3574 460 3634 tantum
475 3573 616 3648 quantus
635 3567 789 3634 videatur
808 3568 949 3648 scriptor
963 3568 1075 3649 paucis
1089 3569 1290 3634 demonstrat
1304 3587 1400 3648 quam

331 3695 435 3757 prava
459 3679 557 3755 atque
581 3693 737 3754 perversa
761 3673 847 3740 effici
872 3675 1006 3756 cogique
1034 3674 1161 3755 possint
1184 3693 1224 3740 ex
1248 3675 1309 3740 hac
1332 3675 1399 3756 opi-

331 3801 436 3848 nrone.

269 3890 302 3974 b)
334 3892 405 3973 120,
416 3893 510 3954 20-
524 3893 596 3974 122,
610 3892 658 3954 13.
704 3889 852 3954 Fuerunt
868 3890 953 3955 enim
975 3889 1030 3969 qui
1049 3889 1279 3954 concluderent
1300 3889 1399 3953 maio·

315 4116 348 4186 ⁴⁷)
367 4119 429 4172 Jam
448 4119 498 4172 hoc
516 4119 574 4172 looo
592 4135 716 4174 moneam
735 4121 866 4186 versibus,
886 4118 981 4186 quiin
1000 4118 1122 4185 partibus
1141 4118 1257 4185 singulis
1272 4118 1399 4172 exhiben-

225 4196 267 4250 dis
286 4213 302 4248 a
320 4213 362 4250 me
381 4202 445 4250 sunt
463 4197 567 4262 omissi,
590 4198 630 4251 nil
654 4199 729 4252 aliud
753 4199 823 4253 effici
846 4199 899 4251 nisi
923 4203 955 4252 ut
977 4198 1012 4251 ad
1034 4213 1067 4252 ea
1089 4213 1158 4264 quae
1180 4204 1329 4264 sequuntur
1350 4197 1400 4250 fiat

225 4277 366 4343 transitio;
391 4277 434 4330 vel
457 4277 554 4344 quippe
578 4277 623 4344 qui
642 4277 699 4332 sint
721 4295 737 4331 a
756 4278 896 4332 Cleomede
919 4277 1077 4345 interpolati
1096 4277 1168 4346 (vide
1189 4277 1261 4330 iufra
1278 4293 1341 4346 pag.
1356 4277 1399 4332 38.

225 4357 289 4426 tu),
308 4371 392 4410 nexus
411 4373 500 4411 rerum
519 4373 551 4410 ao
570 4358 712 4411 verborum
731 4359 869 4424 turbetur;
892 4358 937 4412 vel
959 4374 1020 4412 enm
1038 4357 1155 4424 Epicuro
1174 4356 1285 4424 eiusque
1307 4358 1399 4411 adsec-

225 4438 360 4492 tatoribus
379 4444 523 4506 pugnetur.
