3425 5192
685 427 908 490 -17-

210 604 356 688 opusculi
379 603 593 685 amplitudine
617 608 668 669 est
690 608 804 668 tantus
818 607 951 683 tamque
966 609 1128 688 extensus,
1151 609 1189 669 ut
1201 605 1264 670 hoo
1277 605 1382 687 ipsum

209 713 367 794 seriptum
390 730 454 777 nou
478 711 581 793 possit
605 729 674 776 esse
698 710 762 776 nisi
785 716 931 792 tempore
948 729 1010 790 quo
1025 710 1180 776 eiusmodi
1194 730 1247 777 res
1261 731 1383 778 summo

208 819 405 903 legebantur
428 819 535 883 studio
558 837 745 898 summaque
760 814 990 902 diligentia.⁸⁸)
1026 817 1164 883 Accedit
1178 820 1263 898 quod
1279 818 1384 884 oratio

207 931 259 992 est
282 931 351 990 tam
375 944 492 1006 aspera
515 929 647 1004 tamque
671 929 708 988 ut
730 924 780 989 ita
803 925 909 989 dicam
932 923 1092 1006 piperata,
1122 929 1160 990 ut
1186 943 1245 990 nos
1273 929 1384 1006 putem

208 1051 271 1098 non
296 1031 352 1096 diu
375 1049 446 1096 esse
470 1030 677 1096 dubitaturos
693 1032 826 1095 credere
850 1031 1062 1096 Cleomedis
1085 1031 1130 1096 de
1153 1050 1225 1112 quo
1248 1031 1384 1114 agitur

205 1138 384 1204 libellum
417 1139 463 1202 ad
494 1139 667 1203 lectores
700 1156 809 1217 quam
841 1137 1028 1218 plurimos
1060 1140 1384 1203 accommodatum

206 1243 447 1327 temporibus
470 1243 553 1309 illis
577 1243 934 1309 turbulentissimis
957 1262 1041 1309 esse
1065 1244 1290 1311 conlectum.

478 1526 531 1609 llo
558 1525 688 1608 formo
716 1526 848 1628 operis
878 1525 1105 1609 Oleomodis.

294 1725 371 1790 Jam
395 1741 588 1803 quaeramus
612 1741 676 1802 qua
705 1722 749 1787 sit
776 1722 881 1787 forma
904 1723 1083 1789 Cleomedis
1105 1723 1243 1790 libellus.
1290 1725 1383 1807 Quod

207 1831 335 1912 quidem
351 1829 493 1910 explieat
508 1834 622 1895 auctor
636 1829 706 1910 ipse
721 1848 792 1894 oum
806 1829 840 1894 in
849 1834 993 1896 extremo
1007 1830 1118 1896 libello
1129 1829 1182 1916 (cf.
1194 1833 1287 1915 aral
1300 1831 1382 1915 sqq.)

207 1937 288 2003 dicit
310 1937 404 2002 haec:

338 2044 411 2107 Εἰσὶ
445 2045 509 2107 ὁάἱ
540 2044 650 2126 σχολαὶ
682 2042 773 2108 αὗται
806 2045 844 2108 οὐ
876 2051 932 2108 τοῦ
957 2045 1139 2127 γράψαντος
1161 2046 1260 2110 αι’νιοῦ
1284 2046 1383 2119 δόξας

252 2153 463 2234 περιέχουσαι,
496 2151 563 2213 ἀλλ’
597 2151 633 2214 ἐκ
666 2152 926 2234 συγγραμμάτων
961 2157 1056 2215 τινῶν
1089 2153 1297 2235 ἠθροισμέναι
1328 2152 1382 2215 καὶ

251 2259 397 2323 παλαιῶν
420 2259 474 2322 καὶ
497 2260 670 2340 νεωτέρων.
719 2257 747 2318 Τ
748 2257 768 2320 ὰ
791 2258 910 2321 πολλὰ
935 2259 975 2323 δὲ
1003 2265 1075 2322 τῶν
1102 2261 1314 2342 εἰρημένων
1342 2261 1382 2323 εἰι

249 2371 322 2430 τῶν
345 2365 611 2430 Ποσειδωνίου
635 2365 811 2448 εἴληπται.

294 2471 380 2554 Quin
402 2473 484 2537 haec
508 2470 653 2536 clausula
678 2470 835 2553 originem
860 2473 974 2537 trahat
997 2473 1039 2537 ab
1062 2471 1131 2553 ipso
1154 2472 1330 2560 Cleomede,
1354 2474 1383 2538 si

205 2578 329 2644 animos
362 2578 560 2644 attendimus
593 2579 634 2642 ad
667 2596 813 2658 eaquae
846 2578 967 2659 optime
999 2579 1060 2644 hac
1092 2580 1132 2644 dc
1164 2598 1199 2644 re
1228 2579 1383 2646 disseruit

205 2685 381 2750 Martinius
410 2684 443 2768 (1,
459 2703 484 2750 c.
499 2704 572 2768 pag.
589 2683 787 2770 394-398),
819 2685 975 2765 numquid
1007 2685 1140 2751 dubium
1172 2704 1243 2753 esse
1274 2691 1383 2770 potest

205 2791 376 2872 cuiquam?
422 2793 537 2857 Nonne
561 2791 707 2859 videmus
730 2791 832 2857 isdem
855 2792 907 2857 his
937 2793 1048 2858 verbis
1076 2792 1276 2859 Cleomenem
1308 2795 1381 2859 bre-

204 2899 336 2966 vissime
360 2898 514 2982 colligere
537 2897 667 2964 nomina
691 2905 860 2965 auctorum
884 2918 1019 2980 quorum
1050 2899 1237 2966 adhibuerit
1260 2900 1380 2983 opera?

203 3007 313 3086 Atque
336 3007 399 3071 hac
422 3006 536 3071 notula
558 3004 628 3086 ipse
650 3006 796 3071 nominat
819 3006 965 3072 libellum
987 3025 1079 3072 suum
1111 3008 1265 3090 ησχολάςα
1296 3009 1381 3087 quod

203 3131 319 3179 nornen
343 3131 380 3178 eo
403 3112 508 3195 magis
532 3112 581 3176 rei
605 3112 757 3178 convenit
781 3115 865 3192 quod
893 3113 962 3178 ille
993 3112 1155 3178 libellus
1177 3113 1308 3178 minime
1332 3121 1381 3179 est

203 3220 368 3303 perfectus
384 3225 482 3300 atque
498 3219 675 3302 absolutus,
690 3218 820 3284 minime
835 3224 1017 3303 contextus,
1040 3220 1171 3285 minime
1186 3226 1258 3285 arte
1273 3221 1381 3286 elabo-

203 3333 305 3411 ratus,
329 3329 387 3392 sed
410 3324 625 3407 descriptio
649 3331 709 3391 est
731 3344 858 3391 rerum
890 3326 1238 3393 astronomicarum
1262 3333 1382 3407 atque

202 3433 595 3516 meteorologicorum
626 3435 913 3499 accommodata
937 3437 983 3500 ad
1006 3434 1205 3516 vulgarem
1229 3453 1382 3500 sensum

203 3545 242 3605 et
266 3541 485 3606 scholarum
513 3539 551 3605 in
584 3559 690 3605 usum
722 3543 894 3607 redacta.
939 3541 1003 3607 Sed
1026 3561 1104 3608 vere
1127 3543 1213 3612 hunc
1235 3541 1382 3608 libellum

203 3667 275 3713 esse
297 3652 487 3715 revocatum
510 3649 552 3712 ad
576 3648 764 3728 popularem
795 3666 925 3714 sensum
958 3668 997 3714 ac
1027 3649 1158 3715 minime
1189 3648 1308 3713 iudicio
1332 3648 1380 3713 in-

203 3751 429 3838 tellegentium
452 3755 715 3835 perpendendum
739 3755 879 3821 maxime
897 3756 972 3821 inde
988 3760 1126 3838 apparet
1140 3756 1225 3835 quod
1242 3754 1382 3835 scriptor

203 3861 273 3943 ipse
296 3860 330 3926 in
353 3866 497 3926 extremo
522 3861 605 3927 libro
628 3860 731 3942 primo
754 3861 901 3927 libellum
928 3863 1074 3927 nominat
1104 3862 1268 3945 „abactam
1296 3863 1379 3927 εἰσο-

203 3965 380 4052 γωγήν“34)
405 3969 489 4048 quod
514 3968 642 4047 quidem
666 3987 779 4034 nomen
804 3969 851 4032 nil
875 3968 963 4033 aliud
978 3968 1143 4052 significat
1156 3967 1220 4033 nisi
1233 3971 1379 4033 nostrum

292 4143 326 4214 ⁸⁸)
345 4143 522 4198 Letronnium
542 4145 592 4197 hac
610 4143 642 4198 de
661 4145 789 4211 solonge
808 4145 917 4199 diversa
935 4145 1037 4198 sentire
1055 4144 1110 4197 iam
1129 4161 1211 4212 supra
1223 4159 1380 4198 commemo·

202 4225 329 4280 ravimus.
367 4225 467 4278 Confer
485 4225 547 4278 adn.
561 4225 585 4278 2.
606 4225 680 4292 (pag.
694 4225 710 4276 6
724 4225 774 4293 sq.)

293 4305 324 4370 ⁸²)
343 4307 404 4360 Vox
417 4305 520 4359 Graeca
540 4305 701 4372 ,pionyoyrj‘⁴
722 4320 775 4357 non
790 4305 863 4358 idem
877 4305 951 4359 valet
963 4312 1046 4373 atque
1058 4312 1151 4360 nostra
1172 4305 1378 4373 „Einfdhrung“

202 4387 267 4454 quia
294 4386 415 4440 subicere
439 4384 587 4438 assolemus
615 4384 663 4436 sub
688 4384 739 4437 hac
767 4401 833 4439 voce
852 4386 977 4440 altiorem
996 4386 1160 4441 sententiam
1180 4400 1250 4451 quae
1268 4383 1379 4437 minime

203 4463 299 4522 subest
316 4467 365 4522 illi.
398 4466 456 4532 Qua
476 4466 541 4519 data
560 4463 700 4518 occasione
719 4464 780 4530 quis
799 4475 841 4518 est
860 4466 904 4519 cui
923 4483 976 4519 non
996 4467 1089 4520 veniat
1108 4466 1137 4518 in
1155 4470 1274 4518 mentem
1294 4462 1378 4516 libelli

1165 4554 1182 4606 2
