3425 5192
684 416 907 479 ..63-

207 590 253 660 27)
272 590 337 645 Ath.
357 590 426 643 214(1
447 589 638 642 ποικιλώτατόν
656 609 712 642 τινα
730 590 776 642 καί
795 590 930 658 ἁψίκορον
948 589 1091 658 ζήσαντα
1108 591 1127 658 β
1132 590 1187 644 ίον.

207 680 252 750 28)
271 680 336 733 Aah.
355 679 421 732 215ο
444 679 605 747 στέφανον
623 677 726 747 δάφνης
745 685 862 746 χρυσοῦν
879 678 1083 745 ἐστεμμένος,

207 769 253 840 29)
271 769 304 823 D.
323 768 357 838 V,
373 769 415 836 25,
432 768 448 821 2
467 767 535 821 κατὰ
553 766 602 836 γὰρ
621 766 668 835 τὴν
685 766 835 836 χειμερινὴν
853 770 928 834 ὥραν
946 766 974 819 έν
993 775 1047 826 ταῖς
1066 767 1258 835 συννεφέσιν
1275 766 1385 834 ἡμέραις

314 857 369 910 ἀντὶ
380 856 429 924 μέν
441 858 551 926 ὄμβρων
564 859 649 924 χιόνι
661 856 761 925 πολλῆ
777 858 919 925 νίφεται,
933 856 1001 909 κατὰ
1014 855 1043 910 δέ
1055 855 1100 915 τὰς
1112 857 1219 923 αἰθρίας
1229 855 1385 924 κρυστάλλῳ

313 946 359 999 καί
377 945 491 1013 πάγοις
510 945 631 1008 ἐξαισίοις
649 945 753 1016 πλῆθει,
772 944 806 998 δι’
826 944 866 997 ὦν
885 947 912 997 οἱ
927 945 1038 1012 ποταμοί
1060 946 1259 1014 πηγνύμενοι
1279 944 1322 998 διά
1340 952 1385 1012 τῆς

314 1035 381 1093 ι’δίας
400 1034 507 1102 φύσεως
525 1042 707 1103 γεφυροῦνται.

209 1124 255 1194 30)
273 1124 306 1179 Ι).
326 1124 360 1193 V,
380 1124 424 1188 25,
443 1125 459 1178 6
477 1123 529 1177 ύτιὸ
546 1124 649 1194 πάγου
667 1125 876 1192 πηγνύμενοι.

209 1213 254 1283 31)
273 1212 306 1267 1).
326 1213 359 1283 V,
379 1212 422 1276 30,
440 1213 458 1266 4
476 1213 625 1281 ἐπιχρύσοις
644 1213 661 1281 ἢ
680 1212 854 1280 καταργύροις
873 1214 1038 1280 ζωστῆρσι
1057 1213 1264 1274 συνέζωνται,

208 1301 252 1371 32)
272 1301 305 1355 D.
325 1300 359 1371 V,
378 1302 458 1367 38,’2
476 1302 588 1362 πολλοὺς
606 1302 652 1356 καί
670 1302 799 1370 μεγάλους
817 1301 980 1369 πολέμους
999 1301 1305 1370 διαπολεμήσαντες.

208 1390 252 1460 33)
271 1391 304 1445 D.
323 1391 356 1460 V,
377 1392 455 1462 30,2
481 1391 567 1460 κράνη
587 1389 616 1444 δέ
634 1390 722 1460 χαλκᾶ
743 1391 917 1458 περιτίθενται
941 1390 1054 1460 μεγάλας
1079 1391 1195 1459 ἐξοχάς
1221 1392 1254 1453 ἒξ
1278 1390 1387 1443 αὐτῶν

312 1481 427 1549 ἔχοντα
450 1480 495 1534 καί
524 1480 679 1549 παμμεγέθη
707 1481 852 1547 φαντασίαν
877 1479 1034 1547 ἐπιφέροντα
1058 1487 1112 1538 τοῖς
1141 1481 1296 1548 χρωμένοις·
1334 1488 1386 1538 τοῖς

311 1568 420 1638 μὲνγὰρ
438 1571 592 1638 πρόσκειται
607 1577 718 1637 συμφυῆ
736 1570 842 1638 κέρατα,
863 1577 916 1627 τοῖς
931 1568 961 1622 δὲ
975 1570 1076 1636 ὄρνεων
1093 1569 1112 1636 ἤ
1125 1569 1293 1636 τετραπόδων
1307 1567 1388 1637 ζῴων

315 1658 524 1727 ἐκτετυπωμέναι
541 1660 678 1726 προτομαί.

212 1748 256 1818 34)
273 1748 306 1801 D.
325 1749 359 1812 V,
378 1749 420 1818 39,
441 1749 454 1801 l
476 1748 597 1801 ε’πύιανόν
615 1769 670 1800 τινα
688 1749 761 1818 βίον
780 1747 825 1800 καί
844 1748 928 1816 ἀτυχῆ
946 1750 1033 1809 ζῶσι.

209 1837 254 1907 35)
273 1836 306 1890 D.
325 1836 359 1899 V,
378 1837 421 1904 39,
441 1837 457 1889 2
476 1837 714 1905 σιδηροφοροῦντες
732 1836 853 1905 ἐνεργούς
871 1837 989 1896 πελέκεις
1008 1837 1054 1890 καὶ
1071 1839 1171 1906 βαρεῖς.

274 1925 308 1979 D.
326 1925 361 1987 V,
380 1925 422 1988 39,
442 1924 510 1994 2¹⁰⁶)
528 1925 622 1992 πέτρας
640 1925 781 1992 λατομοῦσι
801 1926 997 1994 Ιιύλοτομοῦσι).

211 1925 244 1977 36

210 1925 255 2084 37Ι
274 2015 307 2068 D.
321 2014 354 2082 V,
369 2014 444 2084 39,4
463 2015 525 2067 ἔνιοι
544 2013 573 2066 δὲ
587 2015 629 2068 διὰ
648 2014 695 2083 τὴν
712 2015 774 2083 παρ’
790 2015 879 2074 αὐτοῖς
897 2016 1097 2081 σπανοκαρπίαν
1114 2017 1217 2068 πίνουσι
1234 2014 1283 2081 μὲν
1301 2015 1386 2082 ὕδωρ,

314 2111 564 2172 σαρκοφαγοῦσι
590 2103 619 2157 δέ
644 2103 688 2163 τὰς
712 2111 765 2157 τῶν
788 2104 896 2173 ῆμέρων
918 2124 945 2156 τε
969 2104 1015 2157 καί
1036 2091 1137 2172 άγρίων
1160 2105 1240 2171 ζῴων
1262 2103 1385 2172 σάρκας

312 2192 359 2244 καί
377 2198 430 2244 τῶν
448 2192 500 2246 άπδ
519 2200 564 2262 τῆς
582 2194 674 2262 χώρας
691 2193 815 2262 λαχάνων
834 2193 1034 2261 ἐμπίμπλανται.

211 2280 255 2350 38)
273 2281 308 2336 D.
326 2281 360 2345 V,
379 2282 422 2351 40,
443 2283 456 2335 l
477 2291 610 2341 ναυτικαῖς
629 2282 769 2350 δυνάμεσιν
788 2283 947 2351 ἰσχύσαντες.

209 2369 254 2439 39)
273 2371 314 2424 Pl.
334 2370 401 2424 Mar.
421 2388 443 2426 α.
464 2372 498 2425 22
517 2373 597 2425 ἔθυσε
615 2372 711 2424 θυσίαν
728 2372 922 2441 μεγαλοπρεπῆ.

209 2459 254 2529 40)
275 2460 327 2514 Str.
348 2461 400 2514 294
426 2461 589 2532 άναβάθραν,
609 2463 641 2529 ἣν
660 2461 779 2531 ἀναβᾶσα
791 2499 796 2512 .
808 2504 814 2515 ,
827 2502 850 2515 ..

376 2700 407 2759 4.
431 2697 705 2774 Homoaoptoton,
729 2699 1035 2774 homoeoteleuton,
1066 2698 1216 2760 isocolon

333 2810 452 2878 (Verba
470 2808 632 2866 similiter
650 2811 820 2876 cadentia,
839 2809 1046 2874 desinentia,
1069 2810 1261 2878 currentia).

210 2942 235 3011 1)
254 2942 326 2998 Aah.
345 2943 411 2997 179ο
436 2945 563 3012 φωτίγγια
582 2943 627 2996 καὶ
645 2944 781 3010 μοναύλια,
794 2943 805 3015 ΙΙ
823 2943 928 3011 κώμων
946 2944 978 2997 ού
996 2944 1119 3011 πολέμων
1136 2945 1241 3012 ὄργανα.

210 3031 237 3099 2)
256 3030 326 3086 nith.
346 3032 413 3085 213a
435 3029 466 3084 τὰ
483 3031 612 3099 μηδέποτε
631 3031 791 3096 ἐλπισθέντα,
805 3033 815 3104 ΙΙ
844 3031 914 3100 μηδὲ
932 3032 960 3083 έν
984 3033 1077 3101 ὀνείρῳ
1097 3032 1285 3100 φαντασθέντα.

210 3119 238 3187 3)
256 3120 289 3174 D.
308 3120 342 3184 V,
363 3120 404 3188 17,
427 3121 440 3173 l
461 3121 543 3188 κτήνη
562 3120 644 3174 πολλὰ
662 3121 672 3191 Ι)
689 3122 735 3174 καὶ
752 3122 912 3177 παντοδαπά.

208 3209 236 3278 4)
254 3208 287 3262 Ι).
303 3209 335 3277 V,
352 3209 422 3276 28,4
439 3211 549 3278 πλησίον
562 3211 585 3264 δ’
596 3211 683 3264 αὐτῶν
697 3211 806 3279 ε’σχάραι
818 3221 925 3275 κεῖνται,
939 3210 950 3282 ΙΙ
962 3209 1085 3280 γέμουσαι
1098 3209 1182 3277 πυρός
1198 3212 1201 3280 Ι
1218 3210 1264 3263 καί
1276 3210 1386 3280 λέβητας

315 3299 421 3365 ἔχουσαι
438 3299 442 3367 Ι
458 3299 503 3352 καὶ
522 3299 630 3368 ὀβελούς
647 3301 650 3369 Ι
666 3300 773 3368 πλῆρεις
791 3308 880 3367 κρεῶν
897 3300 901 3370 Ι
917 3300 1060 3367 ὁλομερῶν.

210 3387 237 3455 5)
255 3388 292 3442 D.
312 3387 347 3456 V,
367 3389 413 3456 31,
432 3388 448 3441 2
468 3389 514 3446 οὓς
532 3388 581 3457 μὲν
598 3389 731 3458 ύμνοῦσιν,
746 3389 756 3460 ΙΙ
769 3391 816 3447 οῦς
835 3389 865 3442 δέ
882 3390 1077 3458 βλασφημοῦσι.

210 3476 237 3546 6)
255 3477 291 3532 D.
309 3476 345 3545 V,
368 3478 414 3548 31,
438 3479 454 3533 5
480 3477 525 3531 καὶ
544 3487 597 3537 τοῖς
616 3479 720 3546 ξίφεσιν
737 3478 934 3545 ἀνατεταμένοις
952 3477 963 3549 ΙΙ
980 3477 1026 3530 καί
1044 3486 1099 3536 ταῖς
1117 3478 1222 3547 λόγχαις
1240 3479 1385 3547 προβεβλη-

313 3566 412 3632 μένοις.

209 3655 235 3724 7)
254 3655 287 3709 D.
299 3656 332 3724 V,
344 3656 414 3721 33,3
434 3657 499 3725 ξίφη
513 3655 542 3709 δέ
555 3657 708 3724 ἀμφίστομα
723 3655 769 3709 καὶ
784 3657 886 3724 σιδήρῳ
901 3657 1025 3725 διαφόρῳ
1039 3656 1235 3724 κεχαλκευμένα
1248 3664 1384 3725 φοροῦσιν,

312 3744 413 3812 ἔχοντες
428 3746 599 3813 σπιθαμιαίας
611 3745 798 3814 παραξιφίδας,
812 3744 823 3815 ΙΙ
836 3745 877 3804 αίς
888 3751 1005 3813 χρῶνται
1019 3744 1086 3797 κατὰ
1098 3744 1142 3802 τὰς
1160 3745 1163 3814 Ι
1179 3744 1207 3795 έν
1222 3751 1276 3802 ταῖς
1287 3744 1384 3812 μάχαις

315 3833 477 3898 συμπλοκάς.

209 3919 236 3989 8)
255 3920 288 3974 D.
307 3920 340 3990 V,
360 3921 402 3984 34,
423 3923 438 3976 3
457 3922 572 3976 θάνατον
584 3922 594 3993 Ι)
608 3921 636 3975 τὸ
654 3924 797 3990 πρόστιμον
809 3923 820 3994 ΙΙ
833 3924 974 3978 τεθείκασι.

209 4018 238 4087 9)
256 4017 289 4072 D.
308 4018 433 4089 XXXIV,
453 4020 478 4085 2,
499 4022 531 4075 37
551 4021 589 4074 εἰτ’
611 4021 702 4080 αἰτίαις
715 4020 726 4091 ΙΙ
739 4020 771 4073 ού
790 4022 914 4079 δικαίαις.

211 4115 256 4185 19)
274 4114 338 4171 Str-
351 4118 403 4172 147
422 4119 466 4171 ἅτε
484 4117 614 4186 άργυρῖτις
627 4118 638 4190 ΙΙ
651 4119 696 4172 καί
714 4128 838 4189 χρυσῖτις.

212 4205 255 4271 ll)
275 4204 337 4260 Str.
351 4207 402 4260 147
422 4207 559 4276 ε’μφανίζει
577 4209 760 4276 παραπλησίαν
774 4208 784 4279 ΙΙ
797 4208 844 4277 τὴν
862 4209 981 4279 σπουδὴν
999 4209 1044 4262 καί
1062 4209 1109 4278 τῆν
1128 4209 1271 4278 φιλεργίαν.

280 4445 325 4516 ¹⁰⁰)
345 4445 385 4501 cf.
404 4449 525 4515 Mueller,
544 4449 619 4504 FHG
637 4451 688 4521 ΙΠ,
707 4467 773 4520 pag.
786 4452 846 4507 275.
